2876 4580
152 439 316 518 habebant,
352 442 386 500 ul
413 439 444 501 in
465 437 602 517 Etruria,
634 435 761 514 Apulia,
793 435 924 498 Lucania
946 442 986 509 (r.
1007 435 1090 500 llcn.
1109 436 1192 502 laed.

16 575 19 656 ,ι
151 557 285 620 instituti
308 555 435 634 Romani
459 554 516 619 vnl.
539 553 570 634 l,
604 551 664 616 tnb.
685 548 825 630 40-43‚
846 558 877 616 et
896 553 1008 616 Leucir
1027 554 1140 636 aliique
1161 557 1193 618 in

150 675 312 738 Annalium
333 675 392 736 rol.
415 673 467 752 lv,
491 691 519 752 p.
540 665 737 751 254-2953
759 670 873 736 Millin:
895 671 955 734 Les
975 672 1135 734 tombeaux
1155 674 1193 736 de

16 809 18 886 ξ
151 791 300 872 Canosa),
329 796 396 869 aul,
420 792 471 854 ubi
493 797 599 853 uaturn
620 789 678 852 luci
700 789 872 865 deficiebat,
893 809 931 854 ex
952 791 1099 872 lapidibus
1120 809 1193 853 cou-

151 915 284 990 structa,
307 927 402 988 quum
420 910 471 972 alil
493 907 646 972 laterculis
670 905 718 968 rel
741 909 833 972 etium
855 909 933 970 nuda
956 913 1035 972 terru
1058 911 1190 974 contenti

151 1032 252 1090 essent
274 1027 351 1100 (rid.
364 1025 464 1090 Jcric:
487 1025 608 1108 lletndp
629 1043 684 1105 per
706 1027 857 1089 rinrenire
878 1045 896 1086 e
917 1026 1038 1106 lrugnre
1059 1029 1069 1090 i
1092 1027 1191 1108 sepul·

16 1181 17 1218 3
151 1147 196 1208 cri
219 1145 297 1222 degli
319 1145 452 1224 antichi,
480 1135 712 1224 Napnli18243
756 1143 913 1222 Gargiuln:
946 1143 1110 1209 Collectlun
1138 1146 1192 1208 der

16 1297 17 1300 ¹
150 1263 322 1326 differentes
348 1247 458 1324 'fornes
484 1262 536 1324 (les
565 1277 652 1326 tanes
679 1261 890 1340 Italo-Gracc,
923 1263 995 1326 ibid.
1026 1256 1128 1343 1822,
1161 1268 1193 1326 el

16 1385 17 1460 ᾗ
150 1379 245 1444 Cenui
256 1380 331 1443 sulla
343 1381 474 1442 muniere
485 1379 514 1440 di
526 1381 767 1442 rinrenireirrsi
779 1379 869 1460 littili,
886 1380 955 1444 ibin
968 1375 1060 1444 1831.
1082 1379 1191 1460 lmpri·

132 1501 208 1596 ,mis
219 1503 319 1562 autem
331 1499 368 1562 de
379 1499 459 1560 omni
471 1499 528 1562 hac
537 1516 570 1562 re
581 1501 700 1577 egregie
712 1499 874 1575 disputarit
883 1498 1017 1562 Alelen:
1030 1498 1189 1562 liittslitr·

149 1617 210 1680 lien
222 1635 275 1678 ror
286 1617 343 1680 den
353 1616 456 1680 Zellen
468 1618 633 1680 romischer
643 1615 827 1698 Hermotimi,
847 1610 941 1694 1843,
953 1610 1188 1694 pulc-259).

235 1735 277 1798 llt
298 1740 398 1798 aulem
420 1753 478 1796 non
501 1736 597 1798 snlum
620 1739 685 1796 tuln
707 1737 907 1814 quiescerent,
940 1734 992 1799 sed
1014 1737 1105 1798 etiarn
1126 1734 1189 1796 ele-

16 1875 20 1894 .
149 1857 257 1932 gunter
278 1857 326 1930 et,
358 1871 450 1932 prope
472 1854 613 1933 dixerim,
635 1854 805 1935 commode,
829 1857 862 1914 ut
883 1855 935 1932 qui
956 1853 987 1914 in
1009 1854 1068 1915 vita
1091 1851 1191 1916 luerat

149 1977 323 2051 apparatus,
358 1989 395 2030 ne
417 1973 544 2034 mortuis
566 1973 686 2049 quidem
708 1972 837 2051 deesset,
859 1974 949 2034 etiam
970 1972 1034 2032 huc
1054 1976 1189 2034 extreme
1213 1951 1216 1954 ¹

150 2089 287 2152 cubicula
309 2090 390 2148 omni
412 2094 519 2154 crustu
541 2091 755 2152 instruxerunt·
787 2087 860 2150 lnde
881 2090 1013 2166 parietes
1034 2089 1189 2166 hypogeo-

16 2249 20 2276 2
149 2225 216 2268 rum
243 2206 453 2284 AEgypticrum
486 2206 643 2287 multiplici
676 2209 791 2287 pictura
822 2209 919 2268 ornati
947 2210 1035 2286 sunt,
1075 2225 1130 2266 nec
1159 2208 1188 2266 in

149 2321 263 2386 Graecia
286 2329 317 2386 et
337 2324 424 2386 ltalia
452 2326 551 2389 minus
579 2326 715 2404 vulgatus
743 2330 808 2385 erat
835 2325 885 2385 hic
908 2341 972 2385 mos
994 2324 1070 2402 (rid.
1092 2322 1127 2384 ll.
1150 2321 1187 2386 0.
1243 2319 1246 2326 ’

17 2421 18 2424 ¹
149 2439 536 2522 Millerirlrchaeol.§l77‚
548 2443 671 2505 Alelen
683 2443 702 2506 l.
713 2437 931 2522 t.p.421sqq.;
950 2431 1052 2504 ¹rarius
1063 2440 1185 2522 anagly-

148 2559 216 2637 plris
228 2563 373 2621 ornantur
383 2561 524 2642 parieles,
543 2559 705 2625 utCanusii
717 2559 894 2634 (vituium
907 2560 926 2624 l.
937 2561 984 2634 l),
997 2565 1048 2622 aut
1060 2561 1189 2640 inscrip-

118 2651 126 2664 ⁵
149 2679 188 2738 tis
200 2677 448 2756 litteris,utCaere
458 2679 666 2758 (ricbertum
678 2676 898 2740 inlocallnst.
911 2679 967 2740 vnl.
976 2674 1187 2756 vllt‚p.195).

149 2795 381 2874 Deponebautur
397 2799 508 2858 mortui
525 2799 625 2860 vestiti
637 2803 667 2858 et
678 2798 798 2876 urmati;
822 2795 1006 2858 addebantur
1015 2802 1189 2856 ornamenta

148 2916 180 2974 et
201 2913 259 2974 alia
287 2914 323 2977 ad
352 2915 495 2976 mundum
524 2917 658 2994 corporis
687 2917 882 2996 pertinentia,
917 2915 1060 2994 imprimis
1086 2917 1186 2976 autem

148 3047 229 3093 rasa.
283 3030 355 3094 Huc
382 3051 473 3112 quum
501 3035 648 3095 interdum
670 3034 798 3114 cibaria,
831 3034 945 3112 oleum,
978 3035 1097 3107 viuum,
1130 3033 1187 3094 alia

149 3149 368 3229 continuerint,
401 3153 566 3230 saepissime
593 3153 732 3216 videnlur
759 3171 851 3214 vacua
878 3153 975 3231 posita
996 3150 1108 3231 luisse,
1140 3151 1187 3212 vel

92 3295 95 3304 ·
147 3268 272 3328 ornandi
294 3286 401 3346 causa,
434 3271 485 3348 qui
509 3271 539 3330 in
560 3273 620 3332 vita
642 3270 738 3331 luerat
764 3287 903 3332 rasurum
925 3286 998 3330 usus
1019 3269 1056 3330 ad
1077 3285 1188 3331 ornau-

16 3463 18 3470 γ
149 3385 344 3465 dcsabaccs,
366 3387 411 3449 vel
435 3406 472 3450 nc
493 3389 599 3452 domus
619 3389 803 3468 supellectile
824 3405 879 3450 sua
900 3391 1076 3450 careret-
1097 3403 1187 3464 quam

16 3577 17 3580 Ἴ
147 3504 184 3567 nh
214 3522 277 3566 rem
307 3507 397 3567 etiem
426 3523 558 3570 mensam
586 3508 719 3568 videmus
749 3509 779 3568 in
806 3506 943 3585 sepulnrn
966 3503 1186 3582 Tarquiniensi,
1274 3593 1282 3602 .

147 3622 227 3700 quod
249 3627 402 3702 spectetur
423 3625 613 3703 dignissimo,
635 3624 713 3701 quod
735 3624 867 3700 vulgarit
888 3620 921 3683 C.
945 3622 1049 3685 Avclta
1072 3623 1101 3682 in
1123 3624 1187 3686 rin·

148 3733 208 3803 nal.
252 3739 328 3804 lusi.
350 3740 407 3803 vol.
428 3742 454 3823 l,
476 3762 504 3822 p.
526 3737 565 3804 91
590 3759 657 3820 sqq.
679 3741 739 3803 tab.
762 3740 795 3800 B.

16 3855 19 3862 ’
232 3858 342 3937 Magno
374 3862 530 3922 nationum
561 3877 707 3921 consensu
740 3858 801 3922 lere
824 3877 1015 3939 peromnem
1039 3866 1186 3924 terrarum

16 4029 17 4054 ἶ
146 3975 250 4038 orbem
266 3978 419 4040 invenitur
439 3978 488 4038 hic
509 3995 587 4052 mos,
609 3983 643 4038 ut
664 3995 734 4039 vasu
756 3996 824 4040 cum
846 3981 970 4040 mortuis
992 3979 1185 4059 sepeliantur,

16 4109 17 4114 ¹
145 4095 216 4155 inde
237 4096 274 4157 ab
296 4095 425 4175 lllgypto
448 4097 484 4156 ad
507 4093 661 4157 Oceanum
682 4095 847 4174 florentem,
869 4101 900 4158 et
920 4097 999 4158 ultra
1020 4096 1194 4173 Oceanum,
1322 4125 1332 4137 =
