2876 4580
491 1267 860 1355 introductio.

629 1555 705 1636 Sl.

144 1669 256 1786 Nemo
276 1732 325 1788 est
346 1726 435 1790 hodie
456 1727 545 1806 paulo
568 1728 676 1790 litteris
691 1729 848 1815 emolliar,
871 1730 921 1806 qui
939 1731 1065 1805 neseiat,
1088 1749 1183 1810 quau·

145 1850 210 1906 tum
225 1845 409 1924 silentique
427 1843 549 1908 Graecias
567 1847 598 1906 in
620 1817 748 1908 historia
768 1846 890 1908 humani
910 1828 1029 1925 generis
1048 1867 1182 1910 momen·

144 1967 225 2043 tum3
257 1977 346 2024 nemo
360 1967 416 2042 est7
439 1965 491 2042 qui
507 1965 635 2045 ignoret,
657 1963 859 2028 Grseoosante
877 1983 981 2027 ornnes
1003 1967 1181 2048 ostendisse,

142 2081 314 2158 quidlibet
341 2082 458 2143 animus
486 2101 554 2144 eum
582 2085 697 2145 ardenti
725 2084 826 2144 studio
856 2086 1033 2146 coniunctus
1060 2089 1180 2164 posset3

142 2216 231 2258 nemo
258 2208 317 2282 est,
351 2201 402 2277 qui
426 2215 484 2260 non
506 2203 633 2262 maxime
660 2203 785 2262 miretur
814 2201 913 2262 divina
945 2202 994 2264 illa
1025 2205 1180 2280 poetarum

141 2333 243 2394 opera,
265 2333 332 2394 que
352 2337 407 2398 per
428 2322 473 2379 tot
494 2319 601 2380 saecule
620 2320 775 2381 decantata
789 2335 940 2397 nunquam
959 2318 1107 2379 oblivione
1125 2319 1180 2380 ob·
1215 2373 1216 2377 ,

141 2437 284 2513 ruentur3
306 2451 407 2508 nemo,
428 2438 480 2514 qui
504 2454 562 2496 non
586 2453 701 2499 summa
722 2437 1007 2498 cumadmiratione
1028 2437 1179 2498 intuentur
1216 2501 1234 2520 ‚

139 2551 283 2628 reliquias
304 2552 370 2614 illas
391 2554 552 2632 sculpturae
573 2553 700 2633 Graecae,
735 2555 844 2635 quibus
872 2560 989 2633 tempus
1011 2556 1179 2633 pepercisse

140 2669 273 2750 videtur,
308 2687 347 2728 ae
366 2673 455 2732 nimis
477 2672 562 2733 nobis
584 2675 681 2751 magni
704 2673 881 2736 videremur.
936 2672 1056 2748 Quanta
1078 2677 1177 2734 auteur

140 2789 236 2867 ipsius
263 2788 397 2853 historlae
425 2791 555 2868 digniter
582 2795 679 2868 esset,
716 2790 797 2852 nulle
822 2807 952 2867 unquam
974 2795 1045 2852 aelas
1067 2791 1177 2852 elarius

138 2906 285 2968 intellexit
307 2887 395 2985 quem
425 2914 541 2988 nostra3
584 2913 618 2967 ul
641 2925 697 2968 non
720 2910 812 2968 emori
836 2909 967 2986 veniam,
1001 2909 1053 2968 sed
1082 2907 1176 2969 labori

137 3028 265 3103 gratiam
287 3028 440 3106 postulare
461 3045 549 3105 posse
576 3028 596 3086 ii
623 3025 796 3105 videantur,
824 3027 876 3104 qui
898 3025 978 3086 fideli
1001 3044 1090 3105 opera
1110 3030 1176 3087 slu-

137 3135 229 3223 dent,
262 3150 296 3206 ut
317 3144 485 3206 uberrimus
505 3144 556 3206 ille
578 3145 713 3204 historias
734 3143 800 3231 lons
822 3162 910 3223 quam
933 3145 1060 3204 menime
1081 3161 1175 3223 purus

137 3265 169 3322 et
190 3261 321 3340 liquidus
341 3265 398 3343 sit,
431 3268 465 3322 ut
492 3263 625 3340 priorum
655 3268 823 3341 temporum
846 3263 974 3341 populos
997 3279 1054 3322 non
1076 3261 1173 3321 solum

135 3379 240 3440 auditu
255 3379 391 3456 cognitos
411 3380 584 3476 habeamus,
607 3381 659 3440 sed
682 3382 768 3458 quasi
790 3383 819 3440 in
843 3381 949 3441 illustri
971 3397 1060 3440 scena
1081 3396 1175 3455 agen·
1285 3417 1291 3425 -

136 3503 183 3558 tes
205 3497 300 3558 oeulis
323 3499 395 3576 ipsis
418 3499 647 3576 conspiciemus.

219 3613 323 3693 Longo
345 3619 441 3694 spatio
463 3621 610 3677 remotum
633 3619 679 3674 est
701 3615 772 3675 illud
803 3619 938 3693 tempus,
972 3631 1032 3692 quo
1059 3613 1173 3675 llorue·

133 3737 205 3793 runt
226 3735 347 3812 antiqua
372 3732 486 3796 Graecia
508 3730 539 3796 et
561 3733 673 3813 Roma;
717 3749 821 3810 graves
849 3735 951 3808 postea
979 3735 1172 3810 tempestates

133 3856 278 3910 vexerunt
300 3852 365 3913 illas
387 3856 499 3931 terras;
521 3856 555 3912 ul
576 3852 675 3912 studio
697 3855 727 3911 et
749 3850 850 3912 labore
871 3867 946 3928 opus
968 3853 1024 3929 sit,
1054 3852 1080 3910 si
1103 3851 1171 3928 quis

133 3967 251 4028 illorum
275 3974 440 4047 temporum
463 3972 621 4047 imaginem
643 3987 782 4032 revocare
804 3969 877 4029 vult.
923 3967 982 4030 Sed
1005 3988 1041 4028 ne
1063 3986 1170 4028 vanum

130 4091 161 4147 ot
184 4089 272 4146 inane
294 4087 411 4148 sithoc
433 4083 581 4170 studium,
616 4088 715 4149 edocit
738 4104 841 4164 magna
865 4086 912 4146 illa
937 4088 1021 4164 copia
1042 4087 1170 4163 seriptu-

954 4203 963 4249 l
1036 4205 1039 4210 ,
