2888 4576
740 235 802 308 122

657 325 879 338 ψ--μ-ᾳ--ι--ὺα-

244 441 386 523 χαλκοῦν
411 444 496 524 μέγα
524 441 643 509 ῦλκιον
683 439 719 504 ἐν
746 439 782 504 δὲ
811 439 995 524 Φιλήμονος
1013 441 1121 528 Γάμῳ·
1158 440 1288 509 Ὁλκιον

246 558 336 624 εῦῦον
357 557 411 624 ἐπὶ
430 560 567 651 τραπέζῃ
589 562 736 643 κείμενον
757 561 864 640 πυρῶν
885 559 1062 641 venenate.
1117 560 1208 622 Extat
1229 561 1287 622 boe

248 697 353 739 nomen
378 681 406 739 in
429 678 465 741 ir.
496 679 639 758 Epigonis
671 696 719 757 ap.
742 677 812 739 Atb.
833 677 889 754 xl,
911 671 985 754 486,
1008 693 1043 756 e3
1077 681 1106 740 in
1130 678 1286 740 Ptolemaei

247 815 353 876 pompa
376 791 465 871 (199,
489 796 531 871 Dr
564 792 676 861 ῦλκετα
712 793 786 870 δύο,
817 792 968 878 ἑκάτερον
986 796 1110 876 χωροῦν
1129 791 1285 878 μετρητὰς

247 918 354 980 πέντε·
366 914 542 976 indutioebi
554 909 795 994 autemtltbb‚o):
808 910 843 977 da
855 916 979 1004 χροσιῦν
988 909 1105 978 ‹idaim›
1115 909 1287 998 ἠλείφοντο

245 1035 379 1119 κροκίνῳ
400 1029 499 1118 μῦρῳ·
518 1029 560 1116 ήν
581 1030 737 1099 δὲταῦτα
756 1029 997 1096 πεντεκαίδεκα
1021 1033 1050 1092 in
1073 1032 1179 1094 baineo
1201 1031 1284 1093 Darii

248 1153 372 1212 miratus
387 1156 434 1212 est
450 1149 617 1212 Alexander
638 1145 841 1224 (Plutum)
864 1147 959 1214 ῦλκια
980 1153 1036 1213 καὶ
1055 1145 1210 1232 κρωσσοῦς
1230 1154 1286 1212 καὶ

245 1268 379 1344 πυέλους
399 1271 454 1333 καὶ
475 1264 706 1351 ἀλαβάστρους.

329 1386 408 1448 Male
428 1389 539 1448 erravit
560 1385 691 1449 Panoika
712 1387 773 1448 duo
805 1386 923 1448 diversa
955 1403 1041 1466 vasa,
1075 1389 1220 1448 crateram
1253 1394 1285 1448 et

245 1505 395 1583 poculum,
418 1498 553 1571 ῦλκαῖον
573 1509 604 1566 et
625 1503 736 1570 ῦλκιον
757 1504 907 1584 appellans
925 1503 980 1576 (R.
1002 1502 1041 1582 u,
1063 1499 1124 1586 913
1141 1503 1194 1584 IV,
1212 1499 1282 1577 92).

244 1623 417 1685 tierhardue
449 1627 549 1684 autem
571 1641 751 1703 quamquam
784 1622 894 1684 tutetur
922 1621 1133 1702 torennense,
1172 1623 1284 1684 mavult

247 1745 344 1802 tamen
378 1741 436 1802 boe
459 1743 577 1802 nornine
604 1741 752 1820 appetiere
773 1740 912 1819 poculum
934 1740 1082 1818 quoddam
1115 1740 1175 1802 alto
1208 1741 1284 1820 pede

219 1859 387 1946 ¹insistens
409 1857 501 1936 (Rap.
523 1853 584 1938 273
609 1858 667 1920 Uib
690 1857 727 1918 R.
750 1854 820 1938 27),
844 1860 913 1938 quia
937 1857 1026 1920 buius
1045 1859 1157 1922 vasculi
1180 1875 1283 1921 verum

246 1993 352 2040 nomen
375 1978 507 2040 nondum
528 1978 568 2038 sit
589 1980 739 2056 repertum
761 1976 834 2049 (Utt.
857 1976 895 2037 li.
919 1994 947 2055 p.
971 1973 1055 2048 155).

426 2175 456 2242 7.
500 2177 860 2263 Περιρραντήριον,
884 2175 1097 2261 α’ρῦᾰνιον.

329 2331 384 2394 Ubi
408 2334 476 2412 quis
497 2350 614 2394 sacrum
636 2333 735 2394 iocum
757 2331 899 2409 intrabat,
932 2335 966 2394 ut
993 2351 1087 2411 purus
1108 2337 1140 2392 et
1160 2339 1282 2393 sanatur

244 2450 458 2530 ingrederetur,
481 2453 656 2529 purgatione
684 2468 761 2528 opus
792 2455 864 2512 erat.
918 2449 1023 2524 Quare
1054 2450 1170 2512 lustrali
1203 2467 1282 2528 aqua

243 2567 484 2644 aspergebantur.
508 2567 633 2643 *Petrae
659 2575 775 2646 autem,
805 2586 872 2647 qum
899 2568 976 2629 bane
1004 2586 1111 2647 aquam
1146 2571 1282 2629 eontine-

243 2685 326 2763 baut,
349 2680 592 2770 ἀπορραντήρια
614 2694 645 2750 et
667 2684 916 2769 περιρραντήρια
938 2687 1120 2750 dicebantur.
1143 2684 1219 2746 Nota
1233 2703 1282 2746 res

243 2807 289 2863 est
322 2803 367 2864 rel
400 2823 437 2864 ex
459 2804 610 2865 Herodoto
633 2804 673 2881 (Ι,
694 2800 770 2887 51),
793 2807 846 2884 qui
868 2803 1012 2866 Croesum
1036 2805 1125 2866 tradit
1157 2802 1281 2881 Delphis

243 2921 395 2982 dedieaeee
417 2922 476 2982 duo
497 2921 757 3008 περιρραντήρια,
780 2941 903 2984 aureum
924 2928 955 2984 et
976 2927 1159 3000 argenteum.
1203 2907 1206 2913 Δ

326 3040 425 3100 Etiam
459 3043 510 3119 qui
544 3061 579 3103 ex
613 3041 728 3102 funesta
762 3042 849 3104 domo
882 3043 912 3101 in
946 3041 1097 3120 pubiicum
1130 3039 1279 3119 prodibat,

132 3165 142 3174 '
241 3134 362 3236 aspersa
383 3175 460 3235 τρυε
484 3158 653 3236 purgandus
675 3163 754 3239 erat3
792 3178 820 3221 v.
844 3159 920 3222 Poii.
944 3159 996 3234 Vl,
1018 3155 1078 3222 65:
1102 3154 1134 3222 oi
1155 3155 1208 3220 ἐπὶ
1224 3153 1281 3240 τήν

241 3275 349 3340 οἰκίαν
370 3276 425 3340 τοῦ
445 3278 647 3353 πενθοῦντος
661 3272 901 3361 ἀφικνούμενοι,
916 3274 1051 3355 ἐξιόντες
1062 3275 1281 3358 aeneadum

1436 311 1438 404 t

1435 409 1438 548 i

239 3391 332 3458 ῦῦατι
354 3393 646 3477 περιρραινόμενον
668 3391 703 3460 τῦ
725 3393 762 3458 δὲ
782 3392 950 3478 προῦκειτο
982 3393 1020 3461 ἐν
1040 3389 1160 3480 ῦννελῳ
1181 3415 1280 3474 κερα-
1320 3489 1324 3492 -
1434 3443 1435 3476 p

240 3515 315 3598 μέρι,
338 3509 373 3590 ἐξ
393 3511 494 3596 ἄλλης
517 3513 621 3590 οἰκίας
642 3517 877 3597 κεκομισμένον
901 3509 936 3578 τῦ
958 3511 995 3578 δὲ
1022 3512 1178 3595 ὄστρακον
1200 3510 1280 3576 λκα-

241 3631 325 3694 λεττο
341 3626 510 3713 οἷρδάνιον·
533 3617 611 3711 quod
626 3649 662 3693 eo
678 3632 886 3708 irrigabantur.
920 3630 1177 3694 Commemoratur
1201 3632 1280 3692 idem

239 3745 354 3824 ῦῦατος
375 3747 532 3831 ὄστρακον
553 3745 617 3832 πρῦ
640 3752 694 3834 τής
715 3749 823 3832 θύρας
845 3745 1139 3829 innr.Eeet.1033,
1161 3753 1193 3810 et
1208 3749 1272 3810 Eur

199 3941 202 3946 Ι
240 3867 306 3928 Aio.
328 3862 380 3927 99.
423 3867 536 3928 Verum
557 3873 592 3928 ut
613 3869 643 3928 in
666 3868 754 3928 domo
777 3870 856 3930 intus
879 3871 978 3930 omnia
1001 3872 1113 3929 moeste
1135 3873 1167 3931 et
1189 3866 1281 3929 tracta

241 3986 337 4054 erant,
360 3985 399 4048 ita
422 3987 491 4043 ante
513 3982 592 4044 tores
614 4001 694 4064 sepe
715 4003 773 4045 non
798 3987 945 4063 integrum
968 4004 1019 4046 vae
1043 3985 1280 4064 ponebatur,eed

241 4100 385 4176 tractum,
418 4100 506 4159 modo
540 4104 620 4161 tanta
649 4119 717 4179 pars
752 4105 865 4180 integra
900 4109 1040 4177 restaret,
1075 4122 1141 4182 que
1174 4121 1282 4182 aquam
