2876 4580
737 222 781 288 34

656 310 878 320 ..ι--ι--ι-

247 443 340 507 quum
362 429 391 488 in
414 428 521 489 ceteris
549 427 691 490 conviviis
714 427 916 490 tantummodo
938 427 1026 490 doliis
1048 427 1191 490 fictilibus
1218 435 1289 492 ute-

248 549 361 607 rantur.

625 659 656 726 3.
698 662 890 746 Στάμνος.

329 814 476 895 adorus,
507 833 634 896 quorum
656 818 801 878 maximus
823 821 870 877 est
892 816 1032 899 ambitus,
1065 818 1229 878 transimus
1248 817 1285 878 ad

247 934 464 1010 minoratam,
487 953 553 1012 quae
575 935 668 1012 magis
690 934 799 996 habilia
822 939 891 996 sunt
913 935 949 994 ad
972 937 1041 997 vitae
1063 952 1137 996 usus
1158 939 1191 994 et
1212 933 1286 995 iari-

247 1051 306 1112 tins
333 1053 444 1129 portari
472 1055 607 1130 possunt.
650 1051 734 1112 Inter
760 1069 829 1130 ques
856 1054 987 1131 primum
1016 1070 1287 1114 commemoremus

246 1169 401 1252 στάμνοος
422 1172 484 1230 sive
507 1172 655 1254 σταμνία,
678 1188 803 1248 quorum
827 1189 899 1232 usus
922 1171 991 1231 inde
1014 1171 1171 1231 abAttiais
1187 1172 1286 1250 scrip·

245 1284 360 1349 teribus
383 1307 435 1367 per
457 1305 560 1350 omnes
587 1292 689 1350 aetates
711 1289 851 1366 frequens
878 1293 926 1349 est
955 1307 1047 1367 quum
1076 1289 1113 1348 ad
1136 1288 1211 1348 alias
1234 1305 1285 1350 res

245 1407 423 1482 condendas,
455 1410 490 1467 ut
510 1406 609 1467 oleum
631 1412 674 1480 (v.
696 1405 828 1484 Hesych.
852 1425 880 1468 r.
903 1405 1122 1488 σταμνοῦροο),
1157 1411 1221 1467 tum
1245 1407 1284 1468 ad

246 1526 347 1585 vinum
373 1526 417 1604 (v.
439 1524 591 1604 Aristoph.
620 1524 691 1604 Lys.
725 1518 787 1584 196
815 1529 940 1602 squ-et
968 1543 1015 1603 ap.
1040 1523 1115 1588 ΡοΙΙ.
1137 1524 1185 1602 X,
1219 1519 1282 1604 723

246 1642 398 1706 Demosth.
426 1641 536 1705 Lacrit.
557 1637 617 1724 323
649 1641 701 1703 irr.
727 1641 873 1724 Ephippi,
908 1641 1079 1725 Hermippi,
1112 1641 1283 1721 Menandri,

243 1760 377 1821 Platonis
400 1761 505 1821 comici
526 1779 573 1839 ap.
595 1759 666 1822 nan.
689 1759 721 1840 1,
749 1755 809 1842 29,
832 1760 868 1840 d,
899 1776 931 1842 ο,
963 1759 1021 1840 iv,
1056 1754 1135 1840 146,
1160 1773 1193 1840 ο;
1228 1758 1292 1841 ΧΙ,

245 1873 325 1952 783,
356 1879 400 1950 d).
444 1877 516 1938 inde
549 1877 668 1939 ductum
702 1878 780 1956 quod
803 1896 851 1956 ap.
875 1877 969 1940 Arist.
996 1876 1073 1939 Itan.
1100 1870 1144 1936 22
1173 1877 1284 1938 dicitur

245 1995 397 2070 Διόνυσος
418 1991 483 2070 υίὸς
503 1999 676 2078 Σταμνίου.
1003 2006 1007 2014 ’

179 2125 181 2128 ’
310 2113 354 2174 De
365 2113 459 2175 torma
477 2115 550 2174 niiiit
570 2119 696 2194 constat,
715 2115 772 2175 nisi
789 2115 868 2194 quod
881 2133 967 2176 ansas
979 2115 1155 2194 pierumque
1167 2111 1283 2174 afuisse

244 2232 379 2292 concludi
407 2237 507 2311 potest
527 2251 565 2293 ex
586 2232 732 2311 Hesycm:
759 2237 856 2314 βῖκος·
885 2231 1021 2314 στάμνος
1042 2225 1108 2296 ὦτα
1130 2228 1222 2313 ἔχων,
1250 2235 1283 2291 et

244 2348 409 2428 Etymotog.
431 2349 483 2413 u:
507 2346 676 2435 άμφοραίς·
696 2344 731 2413 τὸ
752 2347 955 2433 ἑκατέρωθεν
978 2347 1091 2414 δίωτον
1113 2351 1282 2432 σταμνίον.

244 2466 302 2528 Sed
335 2485 373 2527 ne
404 2466 462 2528 hoc
494 2469 614 2545 quidem
647 2469 807 2529 tenendum
839 2465 989 2546 putarunt
1011 2470 1040 2528 in
1070 2437 1282 2530 cunstituendu

245 2583 339 2654 torma
361 2583 431 2647 Pan.
455 2582 507 2662 111,
529 2578 573 2643 23
593 2589 624 2645 et
644 2584 787 2646 Gerhard.
812 2585 955 2664 Rapport.
975 2582 1060 2648 Vota.
1084 2587 1163 2665 (quo
1185 2587 1282 2664 perti-

244 2704 315 2760 nent
344 2700 452 2762 tabutae
479 2721 515 2762 ex
543 2700 622 2764 Mon.
645 2701 725 2763 ined.
747 2701 776 2782 1,
805 2698 849 2762 26
870 2708 901 2764 et
920 2699 979 2776 27)
1002 2722 1030 2767 n.
1051 2695 1095 2762 28
1116 2707 1147 2763 et
1168 2703 1282 2764 Ultima

243 2817 390 2883 Bicerche
412 2818 533 2891 (Annat.
556 2818 687 2881 instituti
710 2821 767 2882 rot.
791 2820 869 2902 vlu,
893 2821 951 2881 tab.
974 2819 1014 2897 C)
1038 2839 1087 2882 nn.
1111 2815 1153 2880 16
1175 2824 1206 2882 ὢ
1230 2815 1281 2880 17.
1309 2905 1314 2910 ι

242 2933 327 2998 istud
348 2953 399 2998 ras
420 2936 506 3016 longe
527 2938 603 3000 atius
625 2939 742 3016 generis
765 2943 820 3018 est,
846 2939 1033 3018 pertinetque
1055 2938 1092 3000 art
1115 2938 1281 3000 secuudum

244 3059 376 3118 nostrum
398 3060 495 3136 eaput.

653 3222 685 3287 4.
727 3231 848 3300 Βίκος

243 3395 300 3439 non
323 3382 357 3440 ut
378 3375 514 3461 στάμνος
535 3379 625 3441 etiam
640 3378 805 3456 posteriore
819 3381 952 3457 tempore
969 3379 998 3438 in
1016 3381 1162 3458 uenerat,
1185 3394 1280 3456 quare

240 3497 424 3574 grammatici
447 3496 568 3575 quidam
595 3497 623 3554 in
646 3493 812 3555 definienda
833 3495 968 3556 vocabuli
991 3497 1019 3556 vi
1042 3497 1172 3574 graviter
1195 3513 1279 3556 erra·

241 3618 357 3674 verunt.
389 3611 465 3674 Nam
486 3631 523 3673 ex
544 3612 666 3672 Potinae
680 3609 806 3672 Pariana
828 3613 919 3674 tradit
939 3612 1101 3673 Athenaens
1123 3611 1179 3690 xl,
1202 3603 1278 3690 784,

240 3729 270 3807 d,
292 3748 359 3790 esse
380 3728 543 3815 φιαλῶδες
563 3729 731 3814 ποτήριον,
775 3733 808 3790 et
828 3731 1011 3808 grammatici
1034 3748 1084 3807 ap.
1106 3727 1278 3792 Bekkerum

241 3847 370 3925 (Anecd.
393 3842 468 3925 226,
491 3845 548 3924 16)
573 3849 662 3908 etiam
684 3847 740 3908 atta
763 3849 941 3908 coniectant,
973 3847 1098 3908 Verium
1112 3846 1203 3906 tradit
1214 3820 1300 3906 ses

240 3965 362 4043 syritius
383 3965 448 4026 loco
469 3982 558 4043 supra
580 3964 698 4026 laudato
721 3970 751 4025 et
772 3965 913 4026 Eustatha
934 3965 971 4025 ad
994 3964 1027 4024 u.
1050 3979 1080 4044 σ,
1103 3957 1199 4038 1163,
1221 3958 1276 4041 23,

240 4099 307 4146 esse
329 4078 496 4162 οἶνοάάχον
517 4077 663 4160 άγγοϊον,
696 4088 726 4144 et
753 4084 788 4144 ad
820 4083 878 4145 Ori.
900 4084 939 4163 β,
963 4077 1065 4160 luta,
1098 4076 1150 4160 49,
1182 4082 1274 4142 videri
