2876 4580
666 213 875 310 AL„

243 418 333 495 liqna
355 417 479 478 necdum
501 417 609 478 adulta
630 417 703 478 artis
724 420 788 495 est,
811 416 890 479 illius
912 435 947 478 ea
969 420 1112 497 astartis,
1136 437 1203 498 quaa
1217 437 1281 480 ma·

227 538 324 596 leriae
343 537 503 596 nutriret
531 533 690 595 formarum
720 539 826 611 potens
856 552 913 594 non
941 521 1082 596 manuum
1109 535 1281 598 facultatem

241 655 297 719 sibi
328 653 433 714 deesse
462 655 586 730 viderit,
621 653 672 713 sed
700 652 845 712 internam
875 653 954 713 illam
984 655 1073 714 animi
1102 657 1179 735 uim,
1213 673 1281 733 quae

240 774 355 850 priores
377 771 505 832 artifices
528 772 672 849 incitavit,
697 776 730 831 ut
754 789 810 830 non
834 775 956 848 possent
978 789 1037 832 non
1059 790 1148 850 opera
1170 772 1280 852 lacere,

242 892 377 968 quamvis
398 891 484 951 rudia
506 889 606 948 lutura
628 894 738 950 essent.

324 1007 450 1086 Scripsit
470 1009 507 1068 de
529 1009 631 1068 eadem
654 1023 685 1066 re
711 1004 747 1068 G.
759 1005 885 1066 Kramer
906 1006 1044 1080 (“Uaber
1062 1007 1195 1088 denStyl
1218 1010 1279 1072 und

206 1141 210 1147 ’
240 1127 288 1187 dia
310 1111 467 1188 Heilunlt'
480 1127 532 1186 dcr
552 1124 720 1216 bemahlten
742 1126 947 1204 griechischen
959 1125 1188 1204 Thongelasse’i
1221 1126 1280 1187 Ba·

240 1237 451 1322 rolini1837),
475 1245 526 1321 qui
547 1247 633 1303 acute
655 1247 686 1302 et
708 1245 838 1320 graviter
860 1244 985 1322 probare
999 1246 1124 1320 studuit,
1146 1243 1279 1304 Atticam

239 1361 332 1422 fuisse
345 1379 482 1422 vasorum
497 1363 644 1440 pictorum
661 1362 825 1440 originem,
848 1363 926 1439 quod
949 1368 983 1424 ut
1004 1364 1034 1423 iu
1057 1363 1157 1422 multis
1181 1363 1280 1440 iisque

239 1482 360 1558 optimis
383 1484 412 1539 et
433 1480 643 1540 laudatissimis
665 1497 767 1538 verum
790 1480 923 1558 videtur,
945 1481 986 1540 ita
1008 1481 1127 1541 modum
1149 1482 1280 1542 excessit

238 1598 414 1676 sinedubio,
437 1599 515 1694 quod
534 1598 564 1656 in
586 1597 723 1658 omnibus
745 1599 871 1674 putavit.
903 1597 978 1660 Eius
992 1600 1170 1658 senteutiam
1183 1599 1280 1675 adop-

238 1719 311 1776 tavit
332 1714 443 1793 Kuqler
464 1716 493 1774 in
516 1715 641 1774 historia
668 1715 740 1774 artis
767 1733 797 1792 p.
818 1709 884 1776 239
909 1733 975 1794 sqq.
1004 1714 1141 1776 Adedcoii
1168 1716 1277 1777 librum

238 1835 277 1894 de
297 1833 381 1894 ltalia
404 1833 501 1892 media
525 1834 581 1892 iam
605 1833 714 1910 sapius
736 1833 931 1894 laudavimus.

322 1950 538 2027 Distinguenda
560 1950 698 2010 videntur
720 1953 775 2011 tria
800 1969 917 2028 genera.

324 2063 351 2126 l.
395 2065 554 2147 Antiquam
576 2069 693 2128 atroce
713 2088 801 2147 penus
823 2075 866 2144 (v.
888 2069 978 2161 Gerh.
997 2069 1071 2149 Rap.
1094 2090 1125 2150 p.
1139 2066 1276 2134 lat-18.

236 2187 335 2246 liram.
349 2204 376 2266 p.
388 2181 526 2247 46-72.
538 2187 632 2247 Abek.
645 2183 746 2265 pauo
757 2193 849 2264 sqq).
873 2187 970 2248 Huius
981 2193 1028 2250 est
1039 2189 1142 2266 argilla
1153 2191 1274 2270 pallida,
1350 2225 1354 2228 -

236 2303 340 2364 lormae
352 2323 465 2382 graves,
487 2311 659 2365 ornamenta
671 2305 754 2365 lusco
766 2306 875 2381 colore,
890 2309 972 2382 nigro
985 2311 1036 2366 aut
1047 2306 1163 2383 rubido,
1182 2309 1274 2386 picta,

237 2427 296 2482 tam
309 2423 411 2495 multa,
434 2427 469 2482 ut
483 2421 544 2481 lere
560 2423 658 2484 nullus
671 2423 756 2484 locus
769 2441 879 2484 vacuus
892 2424 1087 2502 relinquatur,
1110 2424 1160 2484 ubi
1183 2425 1275 2502 paulo

236 2542 389 2619 procerius
404 2556 454 2599 vas
469 2544 525 2619 est,
548 2539 682 2618 pluribus
706 2542 859 2602 ordinibus
881 2546 922 2620 el,
945 2546 978 2602 ut
1000 2543 1057 2602 droi
1081 2541 1168 2621 solet,
1190 2543 1274 2602 zonis

236 2658 409 2735 distributa,
433 2658 608 2735 plerumque
629 2665 681 2720 aut
701 2660 790 2718 liores
813 2663 892 2738 suut,
914 2665 976 2736 aul,
993 2661 1079 2738 quod
1102 2660 1275 2738 vulgatissi-

235 2794 342 2855 mum„
359 2775 513 2852 animalia,
551 2777 699 2837 interdum
722 2777 857 2836 homines
890 2784 1042 2838 venantes.
1094 2777 1273 2858 Exemplum

237 2894 473 2954 laudatissimum
497 2893 585 2954 huius
607 2895 724 2972 generis
748 2893 884 2956 Corinthi
907 2898 1060 2956 inventum
1082 2901 1129 2956 est
1149 2915 1166 2957 a
1190 2897 1274 2958 Dod-

234 3012 348 3088 welli03
381 3013 440 3074 vid.
462 2984 526 3072 eius
548 3012 668 3072 Travels
691 3010 729 3090 ll,
752 3031 779 3090 p.
804 3009 873 3073 196.
916 3013 1025 3074 Miiller
1046 3013 1171 3074 Denkm.
1193 3013 1219 3094 l,
1242 3032 1273 3073 u.

236 3122 284 3190 18.
328 3129 394 3190 Alia
423 3131 554 3208 exempla
576 3147 601 3190 v.
625 3118 784 3208 apsGerh.
807 3133 838 3188 ei
859 3129 999 3207 Gargiulo
1022 3129 1126 3210 Canai,
1149 3132 1208 3192 tab.
1232 3131 1286 3218 V,¹

124 3279 127 3288 κ
234 3251 265 3307 et
286 3249 409 3326 sparsim
440 3249 469 3307 in
496 3247 556 3310 tab.
579 3247 626 3324 X,
662 3265 728 3324 quae
756 3250 887 3308 continet
915 3253 1054 3308 extremae
1081 3253 1112 3308 et
1138 3249 1273 3310 tartara

233 3367 306 3425 artis
320 3383 407 3446 vasa3
431 3384 498 3426 nam
512 3369 593 3424 recte
614 3364 697 3446 vidit,
721 3367 825 3426 rudem
847 3371 879 3425 et
899 3366 1051 3426 barbaram
1073 3371 1169 3426 artem
1191 3383 1273 3444 saepe

159 3522 161 3525 -
233 3485 384 3560 antiquam
406 3484 511 3560 videri,
533 3501 624 3559 quum
648 3500 705 3542 non
728 3485 782 3562 sit,
815 3501 995 3561 quamquam
1018 3485 1169 3544 distinctio
1192 3501 1272 3564 saepe

232 3601 414 3679 perdillicilis
437 3605 500 3680 est,
533 3618 611 3679 saepe
640 3600 705 3660 lieri
733 3602 783 3660 vix
810 3606 917 3678 potest.
973 3601 1013 3662 Ut
1039 3607 1139 3662 autem
1166 3603 1204 3662 de
1232 3605 1271 3662 iis

131 3751 132 3756 κ
232 3718 399 3798 loquamur,
423 3737 490 3796 quaa
511 3737 580 3780 vore
594 3721 716 3797 antiqua
730 3725 811 3795 sunt,
833 3721 1027 3797 pertinentea
1043 3721 1078 3780 ad
1094 3721 1270 3800 idtempus,

154 3903 155 3907 ,
232 3835 405 3913 qquraeoa
427 3854 486 3916 ars,
508 3837 638 3902 nondum
660 3839 706 3896 sui
729 3837 831 3896 iudicii
854 3835 941 3914 lacta,
963 3837 1111 3898 retinebat
1132 3857 1177 3915 ea,
1200 3857 1271 3916 quaa

230 3935 359 4031 inbaliis,
382 3953 527 4030 imprimis
544 3954 684 4014 Asiaticis
707 3953 824 4031 populis
845 3959 1018 4032 acceperat3
1041 3957 1126 4016 cuius
1149 3959 1272 4032 generis

232 4075 302 4134 sunt
324 4070 440 4131 leminea
463 4077 626 4152 currentes,
652 4075 793 4149 quattuor
814 4072 870 4132 alis
891 4075 1054 4150 instructa,
1077 4073 1144 4135 alia.
