2888 4576
673 217 807 297 Ι134

261 443 341 500 ansis
364 444 505 500 instructa
540 459 566 501 v.
596 457 641 519 ap.
667 436 737 498 Pan.
761 436 821 515 ΙΙΙ,
849 433 911 518 51;
944 437 1208 518 D'Hancarv.1V‚
1236 434 1295 516 623
1354 438 1357 440 ’

262 557 387 621 Passeri.
412 556 464 637 ΙΙΙ,
475 552 549 618 234.
571 588 612 600 -
645 555 802 631 Quomodo
824 539 1098 629 Mutterns'mrcn.
1122 551 1236 632 3299,
1259 556 1295 628 d)

259 672 421 758 ωὀσκύμια
455 681 485 737 et
513 671 742 758 ἀμφικύπελλα
769 673 951 735 contundere
980 677 1127 754 potuerit,
1162 693 1219 735 non
1249 677 1296 734 in-

260 793 416 872 tettigom.

345 910 538 995 Βρομιάδος,
572 915 614 972 ait
645 911 754 973 Athen.
785 910 840 991 ΙΙΙ,
861 904 935 990 784,
957 912 994 987 d,
1027 908 1161 994 ἔκπωμα
1182 909 1296 993 ὅμοιον

259 1041 323 1106 τοῖς
343 1034 548 1113 μακροτέροις
569 1028 630 1094 τοῖν
651 1028 788 1112 σκύφων.
831 1029 982 1108 Apparet,
1010 1047 1116 1090 nomen
1139 1049 1155 1090 a
1178 1028 1295 1090 Baccho

259 1149 379 1210 Bromio
401 1150 522 1210 ductum
545 1165 621 1209 esse.
676 1147 776 1210 Minus
798 1151 936 1226 apparet,
970 1167 1029 1225 qua
1056 1148 1093 1208 de
1122 1165 1211 1208 eausa
1239 1145 1295 1206 Pa·

261 1266 348 1328 nostra
371 1267 439 1349 (tv,
461 1263 519 1340 65)
541 1266 712 1327 oeuochoen
736 1265 895 1344 putaverit.

634 1501 664 1565 4.
710 1501 924 1584 Κάνθαρος

259 1660 379 1734 proprie
400 1662 447 1717 est
467 1658 647 1735 scarabaeos,
682 1655 806 1716 bestiola
828 1655 974 1728 volatilis,
1009 1673 1075 1733 quae
1103 1657 1133 1714 in
1162 1660 1295 1716 stercore

258 1780 395 1836 versatur
416 1777 541 1854 eiusque
570 1793 689 1853 semper
709 1774 784 1852 pilas
811 1774 910 1835 votuit.
967 1773 1124 1851 AEgyptios
1158 1774 1294 1833 novimus

259 1892 423 1954 scarabaeos
457 1895 534 1953 inter
567 1894 686 1952 numina
720 1893 849 1953 ootuisse
883 1891 1100 1970 (Prin..xxx,
1134 1887 1188 1967 30,
1217 1887 1295 1970 99);

258 2011 347 2071 simili
381 2012 609 2100 religioneleos
636 2009 757 2070 Etrusci
784 2011 921 2070 videntur
948 2009 1088 2112 amplexi,
1122 2010 1237 2070 scilicet
1258 2009 1295 2069 ad
1334 2035 1339 2044 ·

259 2112 334 2190 maia
356 2131 576 2191 averruncanda
598 2129 785 2208 aptissimos3
818 2133 848 2188 et
874 2130 1008 2206 pervenit
1035 2129 1071 2188 ad
1095 2133 1195 2189 nostra
1219 2133 1296 2188 tem·

259 2263 329 2324 pora
352 2253 382 2307 et
403 2267 439 2308 ex
460 2247 600 2326 AEgypto·
617 2252 647 2308 et
672 2265 709 2308 ex
730 2246 852 2307 Etruria
874 2249 977 2326 iugens
1000 2247 1215 2307 scarabaeorum
1239 2265 1294 2306 nu·

257 2382 357 2425 merus
379 2366 424 2426 vel
447 2385 484 2426 ex
504 2366 601 2443 lapide
629 2365 812 2442 sculptorum
835 2366 879 2425 vei
902 2382 937 2425 ex
960 2365 1063 2442 argilla
1086 2363 1222 2426 fictorum
1249 2365 1295 2441 [.

239 2469 536 2546 'unrreenrcnaeon
560 2477 666 2561 5230,
688 2477 711 2541 κ
733 2482 769 2542 er·
785 2483 807 2555 s
823 2476 893 2560 175,
915 2477 953 2563 23
978 2481 1293 2545 sustentatum.

259 2618 287 2678 p.
298 2595 362 2659 275
378 2619 424 2678 sq.
447 2606 477 2662 et
494 2595 557 2660 404
576 2605 647 2678 sq.).
691 2601 890 2662 Athenienses
912 2608 1011 2662 autom
1035 2601 1072 2662 ab
1094 2602 1219 2662 obseura
1242 2599 1292 2661 illa

258 2720 468 2796 superstitione
491 2721 614 2798 remoti,
647 2719 748 2778 ludere
772 2724 803 2780 et
825 2721 922 2780 ridere
944 2739 1032 2798 quam
1054 2721 1150 2780 vereri
1174 2719 1293 2779 foedum

258 2837 365 2896 animal
389 2814 581 2915 maluerunt,¹
603 2841 633 2896 et
655 2835 870 2916 Aristophanes
893 2840 923 2898 in
946 2837 1023 2898 Pace
1043 2837 1199 2922 Trygaenrn
1222 2837 1293 2897 iacit

257 2975 293 3016 ex
315 2954 387 3016 faece
409 2955 508 3034 popuii
531 2956 679 3016 scarabeo
701 2958 730 3015 in
754 2955 869 3017 coetum
892 2956 1067 3033 evolantem,
1090 2963 1124 3018 nt
1146 2957 1214 3016 inde
1240 2975 1293 3035 pa·

57 3127 61 3136 .
163 3143 164 3146 Ἴ
257 3093 321 3134 cem
343 3079 474 3135 arcessat
494 3075 546 3134 diu
568 3079 708 3152 optatam.

271 3341 308 3420 1*)
326 3355 410 3418 Magis
428 3359 504 3408 etiam
525 3363 611 3425 miror,
638 3363 705 3422 qnod
724 3362 750 3412 in
769 3361 950 3412 enumerandis
979 3362 1079 3412 usitatis
1097 3362 1197 3424 poculis
1215 3362 1291 3411 etiam

325 3437 496 3513 ἡμίτομον
514 3446 608 3510 posuit,
626 3446 657 3495 de
674 3459 724 3506 quo
742 3447 804 3494 nihii
820 3446 946 3512 novimus,
967 3445 1018 3494 nisi
1035 3446 1185 3496 Athenaeum
1196 3433 1256 3511 tto,
1267 3447 1291 3495 d.

324 3527 418 3594 disere,
437 3541 494 3580 esse
511 3529 624 3602 ἔκπωμα
643 3547 667 3581 τι
683 3526 746 3602 παρ’
768 3527 906 3614 Ἀττικοῖς,
934 3526 988 3582 ἀπὸ
1012 3531 1059 3582 τοῦ
1075 3529 1210 3600 σχήματος
1227 3529 1292 3580 ὀνο-

323 3613 432 3681 μασθέν
447 3628 562 3666 —nom
590 3617 679 3666 Pottux
699 3615 746 3676 vl,
763 3613 798 3664 95
824 3620 921 3666 tuntum
949 3608 1043 3665 nomen
1071 3616 1146 3666 habet
1163 3641 1197 3652 -
1214 3615 1292 3676 idone

323 3699 432 3748 affirmat
449 3700 541 3750 habere
561 3703 600 3750 ovi
616 3700 742 3750 dimidiati
761 3700 877 3758 sormam,
895 3699 968 3760 quasi
988 3701 1064 3748 nulia
1083 3699 1139 3748 oliae
1157 3711 1198 3748 res
1215 3699 1293 3748 dividi

323 3785 431 3846 possint,
448 3798 525 3846 quam
543 3798 596 3836 ora.
632 3785 721 3837 Minus
738 3785 843 3833 tortasse
862 3797 876 3832 a
894 3797 951 3834 vero
969 3783 1092 3834 aberravit
1108 3783 1170 3833 Pan.
1192 3783 1238 3847 lv,
1249 3783 1292 3848 td,

323 3879 477 3930 quamquam
495 3871 567 3920 vaide
584 3871 682 3932 dubito,
701 3869 948 3930 numhoepooutum
966 3870 1009 3930 sit,
1028 3873 1052 3918 et
1070 3869 1135 3918 mire
1154 3867 1292 3918 admodum

323 3951 444 4000 Latronn.
472 3967 496 4015 p.
514 3953 565 4002 7:33
588 3955 710 4019 affirmat,
736 3955 786 4004 duo
804 3954 858 4003 sota
877 3959 944 4004 certo
962 3954 1123 4002 constituisse
1141 3953 1291 4018 Feminam,

323 4031 459 4102 ἡμίτομον
476 4043 501 4085 et
517 4038 620 4109 κέρκον,
637 4051 744 4099 quorum
762 4042 898 4098 utrumque
916 4039 1060 4088 coniectura
1079 4037 1168 4086 nititur
1186 4049 1215 4086 ex
1234 4037 1291 4086 sin-

324 4119 390 4180 gotis
408 4119 523 4169 Athenaei
543 4121 605 4171 too-is
623 4121 706 4172 ducto.
