2888 4576
659 219 718 286 141

578 306 796 322 m

169 429 268 490 Etiam
291 443 359 489 curn
381 443 506 488 mamma
529 431 753 505 eornparsntur3
776 443 844 489 nam
866 428 958 488 tradit
979 426 1055 488 Plin.
1069 429 1207 503 xxxin,

168 541 222 624 ⁸23,
242 540 302 623 81,
334 544 457 606 Licdlos
485 546 514 604 in
541 541 682 604 Minerva
715 543 826 625 templo
854 544 994 606 habuisse
1021 545 1144 607 calicem
1171 563 1207 606 aa

168 663 297 743 electro,
330 681 419 742 quern
448 662 591 722 Helenam
623 663 757 724 dicerent
789 663 942 725 dedicasse
978 681 1112 724 mammae
1145 679 1208 724 snae

169 799 317 844 mensura.
347 782 462 860 Sponte
483 781 631 859 sequilnr,
654 797 691 840 ne
713 779 838 842 [ormam
863 781 983 860 quidem
1006 782 1132 842 mullum
1154 779 1208 842 ab·

168 901 339 980 horruissc3
372 917 439 978 qun
471 899 550 960 enim
573 901 755 976 comparatio
785 917 851 960 esse
883 904 982 978 potest
1015 913 1115 960 rerum
1149 918 1206 960 non

167 1013 516 1079 similiani-Calices
537 1034 644 1096 parvas
666 1035 754 1078 aures
776 1017 941 1099 habebam
963 1037 991 1080 v.
1002 1017 1074 1079 Aen.
1085 1011 1160 1096 470,
1173 1033 1206 1080 e:

166 1131 393 1218 ἧΘηρίκλοιος
413 1130 479 1199 ὦτα
512 1133 576 1216 ἔχει
597 1138 737 1217 βραχέα,
769 1130 811 1211 ὥς
844 1135 887 1201 div
918 1135 1007 1213 κύλιξ
1030 1131 1119 1202 odon·
1144 1142 1208 1198 lum

166 1254 316 1315 Diodorus
337 1272 384 1333 ap.
407 1254 534 1316 cundem
554 1248 627 1328 479,
650 1273 677 1314 e.
689 1251 823 1336 κοτύλην
837 1254 910 1315 dicit
930 1271 987 1314 non
1004 1269 1071 1316 esee
1085 1253 1206 1330 κύλικα,

165 1365 205 1436 ού
225 1367 288 1453 rein
299 1369 383 1452 ἔχειν
404 1368 482 1436 adro·
510 1371 665 1453 Hermippi
689 1378 788 1434 aulem
811 1389 915 1433 versus
938 1367 1068 1452 eraldi),
1082 1385 1116 1434 e:
1138 1376 1207 1437 Χία

166 1489 204 1556 δὲ
225 1490 313 1570 κύλιξ
331 1486 418 1572 ύψού
439 1493 595 1576 κρέμαται
633 1495 707 1574 περὶ
727 1489 1002 1574 πασσαλόφιν.-
1021 1490 1131 1551 Pedem
1152 1491 1206 1552 lra-

165 1612 278 1692 baisse,
301 1609 429 1672 eflicitur
450 1628 486 1668 cx
508 1608 664 1688 Sophoclis
686 1629 775 1671 vorsu
798 1627 844 1688 ap.
868 1608 942 1670 Poll.
953 1609 994 1690 X,
1016 1605 1074 1669 79:
1099 1604 1206 1675 a’nnv·

166 1727 307 1805 δύκοοκος
328 1723 367 1794 ού
387 1727 599 1810 τραπεζούοαι
639 1727 736 1806 κύλιξ·
769 1730 833 1790 sive
864 1727 915 1789 lric
941 1728 1098 1807 Sophoclis
1131 1729 1207 1792 calix

165 1847 259 1910 iracln
281 1848 355 1927 pede
379 1842 608 1922 ἆπονύιίκωτος
629 1852 675 1909 esi
697 1847 807 1925 laelius,
840 1847 904 1908 sive
936 1864 1056 1924 semper
1087 1846 1143 1909 luil
1176 1848 1205 1907 in

164 1966 273 2028 eulina
305 1984 407 2044 mum,
445 1970 480 2026 ul
502 1966 652 2026 Rauracos
675 1965 801 2042 legimus
826 1983 874 2044 cp.
896 1963 972 2026 Plin.
994 1964 1129 2040 XXXV,
1151 1961 1205 2042 55,

165 2079 229 2146 193
250 2086 280 2144 in
303 2085 444 2146 calicibus
469 2086 595 2165 coxisse,
617 2088 648 2144 et
671 2082 765 2145 Varro
790 2080 882 2144 Μ.
904 2080 942 2162 V,
965 2077 1028 2142 127
1049 2083 1205 2144 calicema

164 2203 248 2264 calda
270 2204 382 2265 dicium
404 2206 497 2282 palat.

250 2321 294 2384 Ac
316 2342 354 2383 ne
376 2323 443 2402 quis
465 2322 596 2403 dubitet,
619 2322 691 2399 quin
720 2339 758 2381 ex
789 2319 898 2381 talibus
929 2319 1044 2397 poculis
1076 2318 1206 2380 biberint

166 2438 272 2517 Gracci,
295 2445 327 2501 et
347 2441 464 2519 sculpta
484 2458 585 2518 opera,
609 2445 642 2499 ut
662 2439 752 2516 Zodg.
775 2438 885 2499 Bassir.
899 2430 959 2514 82,
981 2443 1012 2499 et
1033 2439 1113 2516 piola
1136 2453 1206 2500 vasa

166 2559 294 2640 plurima
317 2558 449 2636 exempla
470 2558 679 2636 supperlitanl3
702 2575 728 2618 v.
752 2556 824 2619 Pan.
849 2551 1059 2636 n.v11‚37;
1092 2556 1206 2618 Becker

167 2675 296 2740 Charicl.
320 2672 352 2755 3,
374 2672 412 2752 23
441 2676 594 2754 lllillingen
626 2672 752 2752 Cnghill.
774 2668 850 2736 81el
873 2670 933 2753 413
956 2673 1028 2737 ean.
1050 2674 1206 2736 Ponrlales

165 2790 221 2876 34,
243 2795 282 2856 al.
329 2793 419 2873 Quod
441 2795 467 2854 si
489 2793 551 2854 haec
573 2795 631 2855 iam
659 2796 732 2854 salis
754 2799 837 2854 ceria
860 2800 944 2871 sunl,
978 2795 1092 2855 accedit
1115 2796 1205 2856 eliam

166 2919 332 2975 extremum
354 2915 498 2991 omnium,
521 2929 627 2972 nomen
651 2911 769 2973 vasculo
793 2914 850 2992 ipsi
872 2913 1064 2990 inscriptum
1098 2912 1206 2989 legilur

167 3034 247 3092 enim
259 3033 288 3091 in
301 3031 508 3109 Tarquiniensi
521 3030 613 3092 calice
624 3032 654 3091 in
668 3030 745 3093 idus.
758 3030 888 3093 Bernlin.
912 3049 940 3092 n.
956 3027 1034 3094 909:
1058 3028 1204 3092 “Volcani

166 3150 333 3229 pocolom,”
358 3151 387 3209 in
410 3149 586 3210 Atheniensi
609 3153 709 3210 aulem
730 3151 981 3234 Κηφισοφῶντος
1003 3144 1131 3232 ἡκύλιξ
1159 3154 1203 3222 (v.

168 3285 249 3345 supr.
272 3285 301 3346 p.
322 3262 370 3339 8).
413 3267 517 3344 ltaque
540 3267 665 3328 calicum
687 3265 782 3327 lorrna
804 3270 936 3329 omnium
958 3270 1125 3330 certissima
1148 3273 1204 3342 est,

169 3403 224 3445 nec
246 3385 355 3446 multos
376 3402 464 3463 spero
487 3387 516 3446 in
538 3403 669 3446 errorem
692 3385 848 3447 inductum
876 3388 913 3447 iri
935 3403 952 3449 o
977 3386 1124 3464 Beclero,
1153 3387 1205 3463 qui

170 3505 199 3563 in
222 3501 306 3564 Gallo
319 3501 359 3576 ll,
383 3522 412 3580 p.
428 3497 499 3581 161,
522 3502 579 3563 hoc
600 3504 777 3582 simpliciter
801 3508 919 3582 negato,
934 3523 1020 3565 veros
1038 3505 1144 3566 calices
1161 3504 1207 3565 al·

168 3620 268 3681 firmat
300 3638 367 3681 esse
399 3639 522 3699 procera
551 3622 685 3699 quedam
714 3625 808 3686 vitrea
841 3623 966 3703 pocula,
1007 3643 1073 3702 quae
1108 3625 1207 3702 polius

169 3739 274 3818 scyphi
298 3745 367 3801 sunl
390 3743 434 3811 (v.
455 3757 538 3817 supr.
561 3759 590 3818 p.
612 3735 699 3817 133).
746 3735 841 3801 Veros
865 3741 970 3802 calices
993 3748 1207 3820 proposuerant

170 3860 229 3918 iam
241 3857 373 3920 Panolla
386 3859 453 3939 (lV,
467 3827 534 3930 '33)
546 3863 576 3919 el
588 3858 758 3920 liethardus
770 3859 863 3939 (Rap.
874 3849 993 3937 38-413
1015 3859 1074 3922 Uli.
1089 3860 1124 3922 ll.
1135 3855 1205 3936 31).

256 3944 531 4038 Commemorantur
561 3977 646 4056 plura
678 3977 803 4040 calicum
843 3995 968 4056 genera,
1008 3981 1097 4041 variis
1135 3979 1207 4038 locis

171 4094 340 4155 labrelacla.
383 4095 500 4156 Atticos
523 4098 655 4158 nominat
678 4095 823 4158 Pindarus
841 4096 968 4174 andllr.
982 4090 1096 4175 ilinc,
1120 4096 1207 4172 idque
