2876 4580
719 256 763 327 58

224 466 291 528 lixis
311 463 482 527 animalium
504 461 651 542 capitibus
673 466 727 524 ant
746 464 893 540 protomis
915 461 1081 533 (Philoxen.
1103 464 1174 543 tl.)
1197 465 1268 527 inde

225 585 412 646 omitteretur
433 582 542 661 liquor.
586 580 682 642 Nemo
705 581 870 662 mirabitur,
893 601 962 644 nasa
985 581 1049 660 ipsa
1070 581 1177 644 honam
1199 587 1268 645 ani·

185 771 187 776 ,
225 701 346 764 mallum
371 699 540 762 nominihus
562 716 629 761 ease
650 698 809 778 appellata.
853 698 1048 780 Gryphem*)
1071 705 1101 762 ot
1122 719 1269 780 pegasum

225 835 315 899 supra
336 819 464 882 vidimus
485 818 515 878 in
538 816 828 898 lr.Astydamaniis;
851 817 1027 897 elephantos
1049 819 1139 880 hahet
1152 820 1265 900 Epige-

226 953 278 998 nes
301 931 397 1013 (497,
427 943 476 1016 ο),
508 934 696 1015 tragelaphos
718 953 838 1014 quoque
860 935 945 1009 (ath.
966 930 1048 1015 500,
1077 952 1110 1012 03
1137 931 1218 1016 497,
1242 933 1264 997 i.

224 1054 353 1116 Boeclrh.
376 1051 410 1116 C.
432 1052 457 1117 1.
481 1071 511 1116 n.
531 1048 604 1129 150,
626 1047 726 1130 attt)
749 1053 808 1114 huc
831 1053 1002 1116 referendos
1023 1054 1152 1115 arbitror
1172 1070 1263 1132 prop·

225 1179 271 1234 ter
293 1172 382 1236 Herc.
405 1176 436 1232 et
458 1170 560 1248 Pomp.
587 1170 631 1247 V,
655 1164 729 1249 101,
752 1189 931 1251 quamquam
954 1191 1012 1233 non
1035 1172 1147 1232 diserte
1169 1172 1265 1232 tradi·

225 1298 290 1371 tur,
314 1296 413 1351 utrum
433 1308 488 1368 per
510 1307 545 1351 oa
565 1289 667 1350 hestiae
689 1289 840 1352 eilluxerit
861 1290 971 1369 liquor,
993 1307 1031 1351 an
1055 1307 1092 1350 ex
1111 1289 1171 1350 lato
1184 1289 1263 1350 ostio

224 1410 368 1487 oppositae
400 1409 493 1486 partis
525 1407 665 1470 biberint.
710 1406 785 1468 Nam
808 1408 1010 1469 delectabatur
1032 1405 1156 1468 mirifice
1177 1403 1262 1468 Grae·

221 1545 326 1588 corum
368 1528 520 1604 ingenium
559 1525 675 1606 poculis
710 1525 882 1587 animalium
922 1527 1020 1605 capita
1059 1523 1262 1604 imitantihua3
1308 1539 1310 1546 ·

223 1663 278 1706 nec
311 1661 405 1724 pauca
434 1643 633 1724 pulcherrima
663 1644 753 1705 huius
780 1646 898 1722 generis
927 1644 964 1704 ad
988 1655 1041 1704 oo's
1064 1645 1264 1722 pervenerunt

223 1763 350 1824 maxime
372 1763 409 1822 ax
429 1761 553 1840 Apulia,
580 1780 647 1840 qua
669 1764 769 1822 omnia
791 1761 864 1822 laiso
886 1762 981 1841 rhyta'
995 1761 1143 1840 appellare
1164 1760 1263 1822 solent

227 1878 289 1942 VV.
311 1879 396 1959 DD.‚
429 1879 511 1939 nullo
533 1881 655 1940 omniuo
677 1880 848 1941 testimonio
871 1881 946 1959 nixi,
979 1897 1071 1959 quum
1099 1883 1129 1940 et
1152 1896 1261 1940 nomen

226 1999 322 2075 ipsum
337 1993 375 2058 'et
397 1999 510 2077 antiqui
533 1999 695 2076 scriptores
716 2007 776 2060 uno
798 2016 850 2058 ore
871 1998 1012 2075 doceant,
1035 1995 1114 2078 ῥυτά
1134 2015 1203 2058 esse
1224 2013 1261 2058 ea

223 2131 304 2194 nasa,
337 2132 410 2194 qua.
425 2133 462 2175 ex
483 2119 609 2193 angusto
631 2117 709 2177 ostio
731 2114 821 2176 tontis
844 2116 938 2176 instar
960 2114 1092 2192 liquores
1113 2116 1261 2176 emittant

224 2233 335 2295 Verum
363 2235 437 2296 vidit
462 2233 608 2296 Mulieres
637 2236 665 2294 io
693 2233 841 2294 Archaeol.
872 2227 989 2311 5299,
1022 2232 1054 2294 k.
1110 2231 1262 2310 Quoniam

223 2371 294 2414 vero
316 2355 407 2414 ceteri
429 2352 491 2414 lere
512 2370 615 2413 omnes
636 2351 722 2413 illum
744 2367 876 2412 errorem
893 2347 1074 2430 deienduoh·
1087 2354 1262 2430 argumenta

222 2489 326 2532 eorum
347 2471 515 2532 accuratius
537 2471 748 2530 examinemus.

306 2587 468 2648 liramerus
496 2585 610 2662 (Ueher
631 2583 695 2668 Styl
718 2607 748 2650 u.
771 2587 868 2659 Haris.
888 2608 918 2669 p.
942 2579 1019 2662 128)
1041 2587 1166 2649 laudans
1186 2585 1262 2664 Epi·

224 2705 282 2765 nici
303 2721 408 2766 vorsus
430 2723 477 2784 ap.
498 2704 568 2766 Ath.
589 2699 663 2768 497.
685 2718 719 2766 a:

267 2831 275 2844 '
308 2824 363 2885 καὶ
383 2821 445 2887 τῶν
465 2819 565 2906 ῥυτῶν
586 2816 626 2886 τὰ
646 2823 779 2902 μέγιστα
801 2809 863 2888 τῶν
883 2821 986 2890 ὄντων
1007 2827 1080 2906 τρία

306 2942 414 3004 πίνειν
435 2937 541 3025 δεήσει
562 2937 697 3024 τήμερον
717 2935 800 3022 πρὸς
821 2939 1009 3024 κλεψύδραν

306 3057 557 3141 κρουνιζόμενον·
579 3052 751 3140 ἀμφότερα
772 3053 805 3120 ὁθ
827 3057 1023 3142 οἰωνίζομαι.

245 3290 274 3355 *)
291 3291 399 3342 Prorsus
417 3291 481 3342 miro
499 3293 651 3344 Latronnius
668 3293 694 3344 in
711 3293 849 3356 Ephemer.
866 3293 1030 3346 Eruditomm
1051 3292 1131 3357 lana,
1156 3307 1180 3356 p.
1198 3292 1261 3355 694,

290 3382 344 3427 not.
368 3375 386 3424 2
408 3377 509 3440 statuit,
535 3379 655 3439 gryphem
680 3379 777 3428 dictum
801 3390 859 3428 csse
880 3380 984 3442 copton,
1011 3391 1062 3428 uon
1083 3379 1167 3428 solum
1190 3378 1262 3438 qnod

289 3463 400 3526 gryphis,
430 3461 475 3510 scd
494 3461 570 3511 etiam
589 3463 657 3524 quod
677 3463 759 3512 leonis
777 3467 852 3523 caput
869 3464 999 3526 praefixum
1017 3463 1129 3528 haberat,
1158 3467 1262 3524 propter

290 3547 391 3596 titulum
409 3547 523 3598 Atticum
543 3544 583 3612 (c.
601 3547 623 3596 1.
641 3560 667 3596 n.
689 3545 736 3593 139
753 3559 776 3596 s.
797 3545 848 3612 ll),
868 3549 894 3597 ln
911 3560 963 3609 quo
982 3547 1073 3608 legitur
1089 3542 1175 3620 γρὸψ,
1193 3564 1262 3620 γρο-

290 3625 341 3685 ιιός
363 3630 539 3704 προτομή...
571 3626 665 3703 ypolite,
694 3631 800 3686 λέοντος
816 3630 947 3703 προτομή.
991 3631 1106 3682 Primum
1134 3631 1177 3693 qui
1201 3633 1262 3696 scit,

288 3713 342 3764 hac
359 3728 417 3767 esse
434 3714 553 3784 poculai*
568 3717 641 3778 quasi
660 3730 710 3766 non
728 3717 778 3766 alia
797 3718 873 3767 etiam
891 3717 918 3765 tn
936 3716 1039 3777 temptas
1057 3717 1170 3766 dedicata
1189 3716 1258 3780 εἰμι,

290 3803 345 3847 tum
363 3811 414 3849 non
432 3801 494 3848 satis
512 3801 688 3851 considerasse
705 3801 802 3852 videtur
819 3801 857 3852 vir
874 3799 1054 3862 doctissimus,
1082 3813 1111 3850 sa
1133 3813 1184 3850 non
1203 3797 1264 3849 lle-

288 3882 403 3950 sychium
421 3883 504 3944 tegere
521 3883 624 3934 insolita
641 3886 716 3936 rerba
733 3885 952 3949 interpretantem,
970 3884 1017 3934 aad
1035 3884 1138 3937 titulum
1156 3882 1264 3935 nonaria

290 3965 377 4026 templi
396 3973 595 4018 enumerantem.

356 4051 424 4101 Num
441 4047 506 4106 ὄνος
522 4063 564 4112 ap.
581 4049 745 4113 Aristophan.
764 4051 843 4114 vesp.
862 4051 914 4101 616
936 4053 1024 4114 rhpton
1048 4053 1140 4113 tuerit,
1167 4053 1246 4103 decer

290 4145 349 4185 nera
367 4147 417 4184 non
436 4146 509 4195 queo.
