2876 4580
733 236 777 302 78

363 439 399 508 ‘0
418 440 525 527 πατὴρ
541 441 676 508 ἄνωθεν
697 439 729 518 ἐς
750 437 786 506 ad
807 443 911 526 φρέαρ
931 437 1016 526 ἡμᾶς
1037 439 1128 506 δοκεῖ

366 561 475 643 ὥσπερ
497 557 555 626 τὸν
575 561 664 625 οἶνον
685 561 741 624 τοῦ
759 563 878 641 θέρους
897 562 1100 626 καθεικέναι.

240 681 326 760 Apud
349 680 541 742 Plutarchum
564 673 838 758 [Symp.Vl,4,l)
862 681 951 738 etiam
974 679 1004 737 in
1027 679 1095 739 nive
1117 677 1279 757 deponitur
1345 767 1347 770 Ι

240 801 350 863 vinum.
393 799 433 859 Et
454 799 503 858 hic
526 797 641 858 ridetur
662 796 754 857 luisse
776 815 849 857 usus
870 799 926 861 τοῦ
946 797 1117 878 ψυκοῆρος.

324 917 411 996 hpud
434 915 554 976 Suidam
582 915 701 993 quidem
729 920 794 977 est:
826 911 949 998 ψυκτὴρ
976 910 1043 978 dard
1070 914 1125 978 τοῦ
1150 915 1278 979 θᾶττον

240 1032 407 1116 ψύχεσθαι
429 1031 465 1100 ἐν
486 1028 572 1120 αὐτῷ
593 1033 649 1118 τῆν
669 1034 797 1114 socium
819 1033 871 1092 sed
894 1050 980 1092 nemo
1003 1050 1062 1092 non
1084 1032 1177 1110 videt,
1199 1031 1277 1092 hanc

239 1140 439 1214 coniecturam
461 1169 527 1212 esse
548 1151 727 1212 levissimam
750 1169 786 1211 ex
807 1152 872 1229 ipso
896 1150 1158 1224 nomineductam,
1182 1167 1277 1226 quare

240 1271 325 1334 cedat
346 1275 462 1348 oportet
479 1269 659 1330 melioribus.
702 1268 865 1329 Audiamus
882 1273 983 1329 autem
995 1268 1147 1328 Pollucem
1159 1266 1211 1345 Vl,
1221 1264 1275 1328 90.

235 1383 270 1451 ‘0
291 1386 328 1450 dd
348 1389 486 1472 ψυκτήρ,
513 1388 630 1464 inquit,
664 1390 710 1447 est
736 1385 1013 1468 πολυθρυλλητος,
1047 1385 1087 1450 δν
1107 1387 1163 1451 καὶ
1184 1383 1277 1449 δῖνον

240 1501 390 1580 ἐκάλουν,
426 1503 462 1573 ἐν
482 1500 510 1592 ,l
529 1500 569 1588 ἧν
590 1498 609 1570 ὅ
631 1503 779 1587 ἄκρατος·
800 1499 832 1567 oi
853 1503 968 1567 nollet
990 1501 1026 1566 δὲ
1048 1499 1276 1585 οἷκρατοφόρον

240 1619 338 1688 αὐτὸν
358 1623 518 1690 καλοῦσιν’
541 1618 578 1687 οὔ
596 1618 732 1707 μὴνέχει
744 1623 899 1703 πυθμένα
910 1617 981 1685 ἄλλ’
993 1616 1275 1703 οἷστραγαλίσκους.

239 1742 397 1819 Videmus,
431 1759 499 1802 eum
522 1759 643 1820 prorsus
665 1741 846 1800 contrarium
868 1740 1002 1817 tradere,
1034 1757 1150 1800 merum
1172 1740 1275 1800 vinum

240 1861 438 1939 continuisse;
471 1859 500 1920 id
529 1860 608 1936 quod
640 1856 832 1919 confirmatur
863 1858 1042 1935 scriptorum
1075 1858 1161 1918 locis.
1207 1855 1274 1917 viu.

238 1976 400 2037 Menander
420 1994 466 2055 ap.
488 1976 559 2039 hth.
583 1975 636 2053 Xl,
657 1969 733 2052 502,
754 1990 788 2038 c:

367 2092 516 2177 ἄκρατον,
540 2089 650 2175 ἐβόων,
673 2089 729 2176 τὴν
748 2091 901 2177 μεγάλην
924 2094 1070 2178 ψυκτῆρά
1091 2115 1138 2168 τις

364 2210 540 2295 προῦπινεν
561 2205 674 2286 αὐτοῖς,
697 2207 834 2286 οἷθλλους
855 2207 1032 2276 α’πολλλυεν.

238 2327 283 2391 Cl.
314 2329 450 2391 mutilum
478 2330 673 2407 fragmentum
702 2330 808 2390 incerti
831 2331 986 2409 scriptoris
1011 2330 1081 2394 ibid.
1104 2329 1138 2394 d:
1161 2351 1274 2411 παρα·

236 2444 386 2547 μηκύνειν
406 2446 639 2529 ἐπιχειροῦντος
659 2448 714 2512 τοῦ
729 2439 937 2530 Ἀρχεβούλου
958 2442 1169 2529 εὐκαιρότατα
1191 2468 1274 2528 προ·

235 2568 317 2646 χέων
337 2560 356 2629 ot
378 2574 456 2640 πατς
477 2565 533 2629 τοῦ
551 2565 695 2647 οἰναρίου
716 2561 890 2648 α’νατρέπει
911 2561 967 2630 τὸν
978 2564 1135 2650 ψυκτῆρα.
1178 2564 1272 2627 Usum

238 2682 372 2742 videmus
394 2683 424 2742 iu
446 2682 623 2760 Antiphanis
645 2682 682 2746 tr.
705 2703 742 2745 ex
764 2682 859 2745 Carne
882 2679 973 2763 (503,
987 2684 1016 2760 h,
1031 2682 1075 2760 cl,
1102 2684 1153 2744 uhi
1175 2683 1272 2761 primo

238 2797 348 2876 uulgari
372 2799 458 2860 modo
475 2800 589 2882 bibunt,
610 2803 710 2862 vinum
732 2820 767 2862 ex
789 2807 927 2880 psyctsrc
947 2801 1087 2862 haustum
1109 2801 1218 2880 cyatho
1241 2801 1271 2860 in

186 2999 189 3006 ,
237 2916 342 2994 poeula
370 2916 557 2980 infundentes
579 2951 620 2964 -
642 2938 718 2998 aqua
746 2923 797 2980 aut
824 2921 883 2979 iam
911 2923 975 2979 erat
1002 2921 1033 2978 in
1060 2918 1185 2998 poculo,
1218 2922 1272 2980 aut

238 3038 306 3112 post
326 3035 558 3112 admiscebatur,
591 3056 619 3099 v.
642 3037 764 3101 Becker.
788 3037 877 3098 Char.
890 3035 914 3116 l,
936 3032 1001 3096 464
1021 3067 1064 3082 —
1085 3055 1154 3097 mox
1178 3054 1271 3114 quum

187 3169 191 3178 ·
238 3153 336 3212 acrius
371 3156 473 3230 potare
508 3153 644 3231 libuerit,
676 3159 786 3233 praeter
814 3154 919 3216 cadum
947 3160 977 3215 et
1004 3154 1144 3233 poculum
1171 3153 1272 3214 omnia

238 3267 385 3330 auferunt.
429 3269 513 3330 Alios
534 3271 712 3349 scriptorum
734 3273 815 3332 locos
837 3274 909 3332 citat
930 3273 1095 3333 Athenaeus
1116 3291 1145 3350 p.
1163 3267 1271 3351 50⁴2,d

236 3380 352 3465 -503,
375 3387 404 3448 d.
448 3388 491 3449 llo
514 3391 640 3466 nequis
662 3393 762 3468 putet,
796 3389 851 3450 hoc
882 3408 989 3450 nomen
1021 3390 1153 3451 Pollucis
1182 3393 1271 3450 oetate

237 3502 330 3564 luisse
350 3505 494 3582 ignotum,
517 3504 626 3584 legitur
647 3507 724 3585 apud
738 3503 921 3567 Clementem
933 3508 1165 3568 Alexandrinum
1188 3506 1272 3580 (Pm-

237 3620 341 3699 dagos.
368 3621 406 3701 ll,
427 3617 459 3700 3,
482 3641 511 3701 p.
530 3617 592 3684 188
618 3597 764 3696 Potior.):
794 3619 942 3705 Ἐρρέτων
962 3628 1071 3690 τοίνυν
1090 3626 1273 3708 Θηρίκλειολ

237 3759 319 3811 τινες
337 3737 459 3813 κύλικες
470 3742 525 3802 καὶ
537 3735 757 3821 ’sivero-aldea,
779 3741 946 3822 κάνθαρολ
967 3766 1000 3805 τε
1022 3745 1078 3806 καὶ
1097 3742 1274 3825 λαβρώνιοι

237 3855 291 3915 καὶ
311 3852 467 3918 λεπασταῖ
487 3860 542 3919 καὶ
562 3860 622 3923 τοῖν
644 3857 840 3940 ἐκπωμάτων
856 3857 925 3942 εἴδη
936 3856 976 3930 τὰ
986 3858 1096 3942 μύρια·
1114 3864 1273 3946 ψυκτῆρες

237 3991 271 4032 τε·
293 3965 346 4031 ἐπὶ
367 3968 485 4046 τούτοις
505 3976 559 4034 καὶ
579 3973 732 4055 οἶνοχόαι.
777 3975 841 4038 Nec
862 3981 961 4038 tamen
978 3979 1097 4039 uidetur
1119 3979 1169 4039 illo
1192 3983 1272 4040 tem-

237 4103 310 4163 pore
332 4087 489 4148 admodum
511 4088 638 4166 vulgaris
660 4090 751 4153 luisse
773 4111 857 4171 usus,
884 4112 951 4155 nam
973 4115 1066 4174 quum
1086 4095 1274 4175 Phylarchus
