2876 4580
637 223 682 290 33

550 311 775 324 ..η-...ιι-

332 498 337 508 ,
525 423 555 492 2.
599 425 804 511 Πιθάκνη.

227 547 411 610 Diminutira
432 545 579 627 vocabuli,
601 547 681 626 quod
703 550 750 606 est
770 547 884 624 πίθος,
916 551 987 608 sunt
1008 547 1179 631 πιθάριαν,

142 667 271 740 utone,
292 667 456 742 πιθίσκος.
500 665 622 726 Addunt
643 666 733 725 stiam
754 661 938 748 πιθάκνην,
961 683 1028 743 qum
1048 684 1065 728 a
1087 666 1180 730 Lace·

142 783 297 844 demoniis
325 782 480 846 dicebatur
506 781 663 866 πισᾰκνη,
701 781 740 844 ab
768 782 1002 845 Atheniensibus
1028 783 1181 870 φιδάκνη,

141 903 277 988 aspirata
294 902 394 962 littera
415 917 454 980 p;
484 901 571 964 cuius
594 902 779 978 mutationis,
801 901 880 979 apud
902 901 1100 964 Athenienses
1121 921 1180 969 uon

142 1018 282 1096 insolitu,
304 1017 474 1080 Lobeclrius
486 1019 523 1080 ad
534 1018 737 1098 Phrynichum
748 1037 778 1097 p.
793 1013 854 1080 113
865 1019 1012 1082 citathaee
1024 1022 1178 1101 exempla:

143 1132 355 1220 ἀσφάραγος,
375 1136 500 1219 laomor,
522 1140 642 1220 orpvptc,
663 1135 836 1223 σφονδύλη,
857 1137 1008 1222 σφόγγος.
1051 1138 1110 1202 Sed
1133 1140 1180 1200 di·

141 1257 288 1316 minutim
315 1257 359 1316 ris
386 1255 424 1318 ab
452 1256 510 1317 boc
538 1255 680 1318 vocabulo
709 1274 832 1336 prorsus
859 1263 973 1320 remota
1000 1262 1055 1320 est.
1104 1236 1180 1319 Nam
1295 1323 1299 1337 ,

140 1371 344 1452 Hesychium,
377 1371 541 1456 φιδάκνην
573 1373 817 1454 interpretantem
848 1375 1014 1457 πιθαριον
1049 1375 1180 1458 μικρόν,

9 1493 11 1502 ’
139 1491 272 1568 στενόν,
306 1510 363 1552 uon
397 1509 555 1573 curamus,
589 1492 640 1572 qui
673 1509 710 1552 ex
737 1491 939 1570 Aristophane
966 1495 1181 1572 acceperimus,

139 1609 340 1670 Athenienses
355 1607 391 1676 dr
400 1607 575 1694 φιδάκναις
586 1609 736 1670 habitasse
758 1609 876 1688 (Equit.
892 1605 1026 1691 nass),
1050 1614 1081 1671 et
1101 1611 1179 1690 apud

9 1749 11 1808 g
140 1726 372 1790 Demosthenem
394 1728 566 1808 legerimus,
588 1727 751 1796 Oneterem
773 1729 873 1789 omnia
890 1727 1050 1790 abstulisse
1070 1731 1190 1792 rustica.

9 1895 10 1902 r
141 1863 211 1906 rasa
240 1842 326 1930 nider
346 1846 408 1910 τῶν
428 1846 613 1910 πιθακνῶν
636 1845 659 1909 di
687 1841 719 1909 d’
743 1840 808 1928 caii
835 1843 907 1913 eide
934 1841 1018 1934 a'p'v
1040 1840 1179 1922 eveno,

140 1961 176 2042 ἐξ
197 1960 340 2048 ἀνάγκης
360 1959 520 2031 ὑπέλιπεν
542 1966 589 2039 (in
612 1964 702 2026 Onet.
724 1962 755 2045 l,
778 1957 883 2040 528).
926 1963 1062 2026 Fuerunt
1088 1966 1178 2044 igitur

9 2161 11 2166 ι
141 2083 310 2150 πιθάκναι
332 2102 390 2144 nou
413 2085 544 2144 minores
565 2102 656 2162 quam
678 2083 793 2158 πίθοι,
815 2099 912 2160 neque
935 2085 1064 2144 nominis
1085 2083 1178 2146 torma

9 2229 11 2300 ὲ
141 2201 317 2266 diminutiva
338 2205 393 2262 est.
450 2201 524 2263 Nam
556 2203 630 2262 satis
662 2219 729 2262 rare
763 2201 911 2260 invenitur
943 2198 992 2260 bic
1026 2202 1179 2262 nominum

10 2407 12 2424 μ
142 2321 257 2398 enitus3
297 2338 353 2380 nec
374 2321 432 2381 alia
461 2319 534 2380 nnihi
563 2319 742 2380 subveniunt
770 2318 919 2400 exempla,
959 2319 1016 2378 nisi
1044 2313 1179 2400 ἄρα’χνη,

10 2435 11 2438 ’
141 2442 206 2498 trun
227 2436 364 2521 πολίχνη
385 2442 416 2498 et
437 2437 582 2520 eelim:
616 2437 723 2498 herum
744 2440 844 2497 autem
866 2437 896 2496 ln
919 2435 1000 2497 nullo
1017 2429 1103 2497 ¹certa
1124 2455 1178 2514 ap·

142 2560 226 2634 paret
248 2556 423 2617 diminutiva
444 2555 638 2635 significati03
660 2557 760 2634 potius
781 2554 945 2615 similitudo
963 2555 1122 2633 indicatur,
1146 2557 1180 2614 ut

11 2701 13 2766 j
142 2671 294 2756 πιθάκνη
314 2675 355 2734 sit
376 2692 427 2734 ras
448 2691 485 2734 ex
508 2691 616 2750 genere
638 2672 797 2734 doliorum.
831 2671 1020 2750 Quamquam
1041 2670 1098 2731 hoc
1120 2690 1177 2733 uon

11 2793 13 2850 t
141 2791 300 2854 admodum
323 2789 563 2854 tenuitPanolla
585 2792 615 2852 in
641 2789 847 2852 constituenda
868 2788 963 2850 terma
984 2790 1060 2868 eius,
1084 2786 1177 2849 Rech.

142 2904 250 2991 lll,3.
551 2977 554 2984 ,

225 3027 318 3089 Extat
344 3027 401 3088 hoc
430 3025 604 3087 vocabulum
633 3028 741 3103 preter
767 3025 875 3086 citatos
903 3026 985 3086 locos
1010 3023 1088 3102 apud
1109 3023 1177 3084 Ari·

141 3145 317 3226 stephanam
340 3147 369 3205 in
392 3143 481 3205 Pluto
503 3161 531 3204 v.
547 3138 622 3220 546,
645 3142 695 3202 ubi
717 3161 772 3222 pro
793 3148 905 3205 mactra
926 3143 1035 3203 habent
1057 3138 1176 3223 φιδάκ-

142 3285 198 3347 νης
224 3258 369 3346 πλευρὰν
395 3258 569 3344 ἐρρωγυῖαν
601 3263 657 3322 καὶ
683 3259 810 3344 ταύτην,
844 3263 874 3321 iu
904 3259 1067 3338 fragmento
1096 3258 1178 3318 lonis

142 3379 208 3444 Chii
230 3399 279 3458 ap.
301 3379 373 3441 Ath.
397 3378 458 3458 Xl,
480 3373 561 3458 495,
596 3378 630 3440 b:
665 3374 701 3440 du
723 3378 853 3454 ζαθέων
874 3381 1049 3443 πιθακνῶν
1071 3371 1178 3459 ἐφύσ-

141 3515 250 3572 σαντες
269 3495 388 3572 ὄλπαις
408 3497 507 3572 οἶνον,
535 3501 598 3557 tum
622 3495 759 3557 Eubulus
780 3515 827 3574 ap.
850 3495 957 3573 Athl,
978 3489 1031 3570 28,
1052 3513 1079 3556 c.
1101 3494 1180 3556 iuter

142 3616 221 3676 bona
242 3615 426 3692 singulorum
439 3614 571 3676 locorum
582 3615 702 3692 propria
721 3615 806 3690 pouit
816 3607 993 3693 Μεγαρικὰ
1004 3609 1179 3677 πιθάκνια.

45 3779 46 3784 1
142 3733 297 3809 Novimus,
330 3731 432 3792 betilia
454 3749 522 3794 rasa
544 3731 647 3809 luisse,
681 3733 760 3810 quod
783 3731 870 3792 decet
891 3729 995 3790 Pollux
1020 3728 1083 3811 Vll,
1116 3724 1180 3788 162

143 3856 175 3912 et
195 3849 317 3912 Polemo
339 3867 386 3928 ap.
408 3849 480 3911 Ath.
503 3843 581 3931 483,
604 3869 638 3927 e,
666 3851 717 3929 qui
740 3849 839 3926 tradit,
862 3848 995 3910 Lacones
1018 3851 1046 3911 in
1069 3848 1180 3910 solera-

142 3969 231 4031 nibos
253 3969 384 4030 Deorum
406 3968 559 4046 religionis
585 3985 674 4030 carisa
703 3967 819 4048 poculis
849 3985 921 4030 usos
941 3986 1009 4030 esse
1029 3967 1179 4040 fictilibus,

962 4119 982 4166 8
