2876 4580
680 215 724 280 25
799 279 803 284 .

583 303 649 312 .—..-.
656 307 670 311 ..
679 305 811 312 *μη-...-

181 425 283 502 neent‚
304 422 386 484 olere
406 423 564 500 appareat,
596 419 668 497 quid
691 421 721 480 io
743 437 862 498 queque
884 437 917 480 re
937 421 978 482 sit
999 425 1124 504 certum,
1145 421 1218 500 quid

177 543 337 602 incertum.
390 539 448 602 llic
470 556 563 618 quum
583 539 703 600 maximi
725 539 867 599 momenti
889 529 936 600 tot
958 539 1074 618 ridere,
1107 543 1217 618 quante

178 660 289 737 cuique
303 659 495 736 antiquorum
509 657 690 734 scriptorum
704 655 778 716 tides
800 656 956 718 tribuenda
977 657 1028 737 sit,
1051 658 1088 719 de
1108 657 1216 720 horum

178 777 308 840 fontium
330 783 435 837 natura
457 775 587 836 breviter
608 774 766 836 dicendum
788 778 843 835 est.
873 777 877 784 '

266 894 366 956 Primo
395 896 460 955 loon
490 893 661 954 nominandi
688 900 759 954 suot
787 893 823 956 u·
835 895 1014 974 scriptores,
1055 897 1106 974 qui
1136 913 1217 976 rasa,

178 1032 237 1074 non
260 1015 379 1094 docent,
412 1029 479 1091 que
500 984 622 1092 luerint,
654 1012 707 1072 sed
730 1013 759 1072 in
782 1012 847 1091 ipso
869 1013 937 1074 ritae
959 1033 1016 1076 usu
1038 1032 1218 1076 commemo·

180 1137 265 1214 raut3
303 1133 468 1208 incorrupti
491 1130 534 1191 illi
556 1130 737 1208 minimeque
758 1129 878 1191 fallaces
900 1136 1003 1211 testes,
1025 1134 1114 1194 modo
1136 1149 1217 1194 sero-

1 1288 2 1298 .
111 1279 114 1283 ·
179 1269 234 1328 per
254 1250 334 1311 clara
355 1266 428 1310 voce
449 1248 651 1326 loquerentur.
700 1248 813 1310 florum
830 1249 929 1328 longe
956 1253 1218 1330 prestantissimus

180 1373 227 1429 est
257 1365 477 1446 drietoplrooce.
542 1365 711 1428 Secundum
749 1368 848 1428 locum
886 1368 1021 1430 obtinent
1053 1368 1217 1448 lragmeula

179 1488 362 1548 comicorum
384 1485 462 1563 apud
483 1485 671 1583 Athenaeum.
727 1484 845 1564 Reliqui
868 1487 1032 1564 scriptores
1054 1488 1145 1548 Attici
1168 1488 1218 1547 rix

180 1604 299 1682 singula
320 1602 519 1682 suppeditant.
562 1601 685 1664 Maioris
713 1604 854 1664 momenti
877 1607 924 1664 est
944 1603 1124 1682 Hippolochi
1152 1605 1217 1683 epi-

158 1723 255 1790 ‚stola
284 1723 322 1782 de
351 1719 457 1783 Caroni
485 1721 597 1799 nuptiis
624 1721 702 1799 apud
729 1721 839 1784 Athen.
867 1721 927 1802 tv,
962 1741 990 1801 p.
1013 1715 1077 1784 128
1096 1739 1164 1802 sqq.
1186 1726 1218 1784 et

118 1865 120 1869 ·
182 1839 321 1903 Callixini
342 1839 503 1917 descriptio
525 1856 639 1917 pompa
661 1838 813 1901 Ptolemaei
836 1839 1020 1920 Philadelphi
1043 1842 1121 1921 epud
1143 1860 1218 1902 eun-

179 1959 247 2020 dern
262 1957 299 2036 V,
322 1975 352 2035 p.
367 1952 427 2018 196
439 1975 504 2036 sqq.
549 1954 594 2016 Ne
616 1955 796 2036 posteriores
818 1959 937 2036 quidem
960 1960 1129 2039 spernendi,
1152 1977 1216 2020 ma-

178 2079 258 2137 xime
286 2075 402 2154 Latini,
436 2075 487 2153 qui
516 2093 582 2135 oum
612 2073 715 2136 Graeco
743 2075 824 2137 cultu
853 2079 943 2138 etiam
972 2075 1074 2138 Graeca
1096 2079 1217 2140 nomina

180 2198 388 2273 suscoperunt.

265 2311 421 2374 Secundus
443 2309 509 2374 lons
530 2315 578 2372 eat
598 2315 869 2391 grammaticorum,
904 2317 965 2374 tem
990 2315 1119 2392 puritate
1141 2311 1218 2374 inle-

181 2435 256 2513 τίον,
278 2450 367 2511 quarn
389 2431 471 2494 aditu
492 2429 625 2508 facilior,
659 2436 693 2492 ut
720 2431 770 2492 hic
793 2447 909 2492 summa
930 2433 1028 2492 cautio
1050 2431 1217 2492 adhibenda

180 2554 229 2614 sit.
273 2550 372 2610 Prima
402 2553 501 2610 autem
531 2552 631 2611 cautio
660 2549 724 2610 haeo
751 2554 815 2631 est,
850 2569 887 2610 ue
908 2567 1011 2612 omnes
1032 2550 1216 2628 grammatici

182 2688 242 2730 uno
265 2669 330 2730 loco
351 2666 529 2729 habeantur.

265 2786 407 2881 Princeps
428 2786 560 2846 omnium
582 2789 628 2846 est
649 2783 746 2846 Julius
757 2785 878 2867 Potae,
900 2788 1042 2865 magister
1064 2784 1217 2848 Commodi

179 2905 388 2983 imperatorie3
425 2905 477 2981 qui
499 2902 713 2964 Onomasticon
737 2907 904 2984 composuit
926 2905 1068 2966 uberrimi
1091 2903 1215 2982 leuatus,

178 3025 225 3083 vir
247 3039 302 3081 nec
323 3022 484 3082 mediocris
506 3021 648 3082 doctrine
669 3026 701 3082 et
721 3023 786 3082 sani
808 3024 921 3102 iudicii,
944 3024 996 3101 qui
1013 3022 1148 3100 quamvis
1170 3019 1216 3080 di·

180 3143 303 3202 slriolus
336 3139 402 3200 aliia
435 3140 563 3217 negotiis
596 3144 640 3212 (v.
673 3138 755 3218 prael.
792 3141 859 3204 libr.
891 3140 972 3213 Vlll)
1005 3158 1062 3200 non
1096 3156 1217 3217 perram

182 3263 280 3320 tamen
303 3257 374 3318 huie
396 3258 479 3335 operi
501 3275 603 3318 curem
625 3259 785 3340 impendit3
808 3278 876 3320 nam
898 3261 989 3338 probe
1011 3259 1135 3342 rideret,
1157 3257 1217 3316 ori-

178 3378 233 3436 tici
256 3393 334 3455 esse,
356 3375 412 3435 sibi
436 3376 533 3454 ipsum
556 3375 693 3455 eredere,
716 3379 821 3439 necin
844 3377 970 3439 eliorum
991 3377 1081 3438 verba
1105 3381 1216 3435 temere

180 3496 305 3586 iurare„
324 3494 389 3570 vel,
423 3505 457 3554 ut
478 3494 572 3572 ipsius
595 3498 663 3554 utar
684 3495 783 3556 verbis
805 3513 842 3556 ex
864 3495 1035 3573 praelatione
1057 3492 1123 3552 libri
1146 3509 1217 3570 sep·

181 3613 261 3690 tuni,
295 3597 434 3690 oportere
462 3605 631 3692 ἀκρίβειαν
660 3632 732 3674 τινα
760 3609 813 3673 ἐπὶ
839 3615 894 3694 τῆς
922 3614 1026 3695 ψυχῆς
1060 3607 1144 3690 ἔχειν
1172 3610 1217 3686 εἷς

179 3727 327 3811 βασάνου
358 3733 469 3811 κρίσιν.
529 3727 630 3821 Τοῦδν
662 3732 785 3792 εἵνεκεν
792 3775 807 3810 ,Ι
833 3730 956 3811 iuquit,
996 3723 1071 3794 etit
1103 3745 1216 3812 συνερ-

180 3838 242 3926 γὸν
275 3843 437 3930 ἐδυνάμην
468 3841 519 3911 ἐπ’
551 3842 632 3912 αὐτὰ
660 3847 867 3930 παραλαβεῖν
892 3841 1018 3914 οὐδένα·
1050 3846 1122 3914 οὔτε
1154 3843 1217 3931 γὰρ

181 3967 268 4047 εἶχον
287 3963 353 4052 ὅτῳ
373 3963 574 4047 πιστεύσαιμι
601 3962 731 4040 toreio,
763 3968 818 4029 καὶ
845 3964 911 4031 ἔδει
940 3969 1069 4042 πάντας
1096 3965 1216 4050 ἑκάστῳ

181 4094 349 4166 προσεῖναι
371 4079 405 4148 τὸ
428 4081 642 4166 ἐμοῖδοκοῦν.
666 4083 828 4148 Pertinent
841 4086 877 4146 ad
901 4090 1032 4151 nostram
1048 4102 1110 4146 rem
1124 4101 1216 4161 qrrum
