2876 4580
744 208 786 272 24

330 413 560 499 inteligitur,
595 415 624 473 iu
653 413 708 472 hac
736 415 902 491 questione
917 425 946 474 'n
977 414 1146 478 nominibus
1174 413 1294 495 prolici-

259 531 401 594 scendum
423 547 506 610 esse,
535 549 593 593 non
616 549 633 592 n
655 530 756 594 rebus.
800 531 877 594 Sunt
897 533 976 594 enirn
1000 532 1146 596 breodun
1168 535 1296 596 coniun-

259 650 364 730 genda,
386 650 538 712 exaltem
560 655 645 729 parte
668 651 787 712 nomina
809 655 840 713 et
863 668 966 712 eorum
989 653 1043 733 vis,
1066 651 1296 732 ascriptoribus

258 769 389 846 antiquis
417 769 559 849 petenda,
592 788 629 830 ex
657 768 750 832 altera
779 787 847 830 vasa
876 773 907 830 et
934 788 1038 832 eornm
1068 785 1141 832 usus
1162 787 1199 832 ex
1222 770 1296 848 ipsis

175 859 180 870 .
260 888 339 948 vasis
361 886 582 966 intelligendus.
626 886 762 966 Namque
782 887 845 950 haec
867 906 956 967 qnam
978 888 1014 949 ad
1037 907 1100 950 rem
1123 893 1191 968 apta
1213 888 1297 949 ride·

259 1010 366 1080 antur,
400 1006 436 1066 ad
459 1024 525 1066 eam
547 1005 622 1067 iacta
644 1023 711 1068 esse
732 1005 945 1071 concludimus.
991 1006 1050 1067 Sed
1072 1008 1214 1086 quoniam
1236 1021 1295 1066 non

260 1131 378 1201 semper
399 1124 477 1184 idem
498 1109 619 1205 antiqni'
636 1126 666 1186 in
688 1124 745 1186 hac
766 1143 799 1186 re
821 1127 917 1188 secuti
939 1129 1010 1187 sunt
1030 1128 1123 1203 atque
1144 1141 1223 1205 nos,
1238 1123 1298 1184 alia

262 1260 383 1304 necesse
396 1249 443 1304 est
457 1244 609 1322 accedant,
631 1249 665 1305 ul
680 1247 795 1304 certum
817 1242 858 1304 sit
879 1244 1022 1305 indicium
1043 1246 1188 1304 nostrum.
1219 1242 1298 1321 Sup-

261 1362 395 1440 peditant
427 1351 526 1422 autem
558 1366 749 1424 monumenta
782 1363 845 1441 ipsa
878 1364 1032 1441 imagines.
1099 1360 1175 1422 Nam
1207 1377 1298 1439 opera

260 1479 376 1558 sculpta
398 1483 428 1540 et
449 1481 539 1560 picto,
561 1481 707 1558 imprimis
730 1483 793 1560 ipsa
816 1498 885 1542 vasa
907 1479 1048 1542 exhibent
1069 1497 1149 1559 sepe
1161 1479 1300 1540 homines

262 1596 308 1658 bis
331 1599 410 1659 rasis
431 1583 565 1676 utentes,
587 1599 669 1660 velut
690 1617 728 1663 ex
750 1603 865 1660 cratera
887 1599 1072 1672 haurientes,
1094 1616 1132 1659 ex
1153 1597 1299 1659 cuntharo

261 1713 409 1794 bibentes,
432 1733 468 1776 ex
490 1720 593 1795 patera
614 1715 751 1800 libantes,
775 1721 805 1778 ct
826 1734 893 1796 quar
915 1723 986 1779 sunt
1006 1716 1124 1779 similia.

347 1831 605 1910 Quemadmodum
627 1835 653 1894 si
675 1836 760 1895 cuius
782 1837 909 1897 nominis
932 1837 977 1896 ris
1004 1837 1176 1914 ignoratur,
1209 1836 1300 1897 eliam

263 1952 356 2014 iorma
377 1951 457 2012 vasis
478 1968 514 2012 eo
538 1953 656 2012 nomine
677 1953 816 2032 appellati
838 1955 1008 2032 ignoratur,
1042 1954 1083 2015 ita
1111 1955 1198 2016 cuius
1219 1955 1301 2015 rasis

263 2089 351 2132 usum
373 2071 533 2150 nescimus,
567 2071 633 2132 eius
654 2059 692 2132 'ne
714 2089 824 2132 nomen
846 2073 968 2151 quidem
989 2071 1172 2134 constituere
1192 2089 1301 2150 possu-

262 2209 337 2252 mus.
392 2188 424 2250 Si
461 2207 532 2251 vero
569 2191 721 2252 nominum
756 2193 816 2252 vim
850 2209 886 2252 ex
914 2189 1125 2272 scriptoribus,
1158 2207 1299 2252 rasorum

187 2297 192 2303 ’
263 2327 350 2371 usum
382 2327 419 2370 ex
450 2309 650 2370 monumentis
665 2292 668 2296 ’
683 2311 801 2386 cognita
827 2308 988 2387 habemns,
1029 2308 1093 2368 baec
1119 2309 1301 2385 coniungere

264 2429 344 2490 licet.
378 2427 422 2489 ltn
437 2429 463 2486 si
478 2427 588 2505 ubique
604 2427 719 2504 singula
738 2428 857 2487 nomina
879 2433 909 2488 et
931 2426 1056 2505 singule
1077 2426 1179 2488 lormae
1200 2431 1302 2488 essent

263 2563 400 2606 vasorum
422 2544 590 2624 generibus,
622 2544 754 2607 conlecta
776 2563 825 2606 res
846 2551 935 2606 esset.
979 2544 1037 2604 Sed
1059 2544 1246 2625 plerumque,
1268 2547 1303 2604 ut

265 2664 294 2722 in
317 2662 449 2743 poculis,
471 2661 555 2741 plura
577 2666 679 2724 extant
700 2664 818 2724 nomina
840 2663 946 2726 similis
967 2661 1211 2743 significationis,
1233 2661 1301 2740 pln-

265 2798 313 2842 res
336 2797 473 2842 rasorum
495 2783 609 2860 species
631 2782 736 2844 similis
758 2799 842 2861 usus,
864 2785 908 2861 ut,
931 2782 957 2841 si
979 2781 1016 2841 de
1029 2779 1154 2859 singulis
1167 2781 1207 2842 sit
1221 2779 1302 2840 iudi·

264 2901 400 2981 candnm,
422 2899 478 2961 alia
500 2901 642 2962 accedant
664 2918 785 2961 necesse
806 2901 857 2982 sit,
879 2904 931 2994 apt
951 2899 1176 2977 ascriptoribus
1190 2899 1302 2960 diserta

265 3017 367 3079 lormm
394 3019 572 3098 descriptio,
604 3024 658 3079 aut
685 3020 714 3079 in
744 3019 823 3079 vasis
850 3018 1027 3095 inscriptum
1053 3035 1159 3079 nomen
1191 3019 1300 3096 ipsum.

266 3133 332 3196 lloc
354 3134 457 3196 lallere
480 3155 537 3196 non
561 3140 669 3216 potest,
692 3137 743 3196 sed
767 3137 827 3196 duo
848 3134 946 3196 solum
967 3138 1029 3195 tam
1050 3153 1126 3196 rarae
1147 3133 1300 3196 felicitatis

266 3254 402 3333 exempla·
419 3259 504 3333 sunt3
548 3272 616 3315 nam
642 3256 672 3314 in
701 3251 829 3332 ampulla
851 3253 979 3330 quadam
1002 3252 1111 3330 legitur
1131 3255 1303 3317 Διονυσίου

266 3368 289 3436 oi
311 3369 464 3447 λαίιοθος,
499 3373 527 3431 in
550 3372 642 3433 calice
663 3372 910 3454 Κηφισοφῶντος
930 3365 951 3454 ἦ
972 3370 1070 3448 κύλιξ.
1112 3370 1184 3432 lllae
1205 3371 1303 3450 scrip·

266 3497 363 3552 torum
373 3491 587 3568 descriptiones
609 3492 639 3549 et
660 3490 746 3572 ipsae
768 3506 851 3550 rarae
873 3493 954 3568 sunt,
977 3493 1008 3549 et
1030 3489 1056 3549 si
1078 3489 1197 3567 quando
1219 3490 1302 3550 inre·

265 3610 403 3687 ninntur,
436 3609 628 3668 inveniuntur
656 3595 931 3686 plerumqueepnd
954 3608 1166 3684 grammaticos
1187 3607 1304 3684 exiguae

264 3726 349 3799 fidei,
384 3743 502 3804 semper
528 3724 591 3786 lere
617 3726 771 3804 ambiguae
799 3730 829 3785 et
850 3743 955 3804 parurn
976 3727 1143 3802 accuratae,
1199 3722 1303 3802 Quare

263 3843 411 3923 permulta
446 3846 476 3903 in
510 3844 565 3905 hac
598 3861 636 3926 re
663 3845 775 3904 incerta
809 3847 890 3904 sunt.
945 3841 1095 3922 imprimis
1123 3845 1223 3902 autem
1245 3842 1304 3902 hoc

264 3960 443 4041 agendum,
463 3967 497 4022 ut
525 3963 663 4020 accurate
685 3963 838 4039 perpensis
860 3961 1055 4040 testimoniis,
1088 3960 1304 4037 remotisque

263 4077 337 4137 nibil
360 4078 501 4157 probent,
535 4077 667 4139 collectis
683 4083 725 4150 ¹ol
752 4077 923 4156 compositis
956 4097 1023 4156 qum
1050 4079 1086 4140 ad
1114 4095 1178 4138 rem
1208 4081 1303 4154 perti·
