2876 4580
766 225 809 292 22
872 219 874 226 Α

141 482 144 489 .
270 435 504 495 toremamicum
521 449 619 510 suum,
643 435 880 509 cniusmagnum
894 438 940 493 est
963 440 1069 494 nomen
1087 430 1170 496 'inter
1190 435 1306 497 arene·
1428 439 1430 494 i

268 556 380 632 oiogos,
406 550 597 626 Gertio'rdum,
620 551 650 612 in
673 549 835 612 Annalibus
855 549 989 612 instituti
1009 551 1146 628 Romani,
1168 553 1225 616 voi.
1248 551 1304 634 Ili,
1429 619 1430 626 q

1423 249 1430 352 i

1428 357 1430 438 q

1426 495 1430 570 ς

269 692 296 752 p.
318 665 510 731 nal-270.
564 668 672 729 Divisit
701 669 726 728 is
754 685 862 747 genera
887 685 1045 745 vasorum,
1079 672 1228 732 imminuit
1248 672 1306 732 aii·
1428 751 1430 764 ἱ

268 794 412 868 quantum
434 805 590 849 numerum
613 787 776 862 nominum,
810 788 936 847 invitavit
957 786 1178 867 etiam'aiiqua.
1220 788 1304 850 idem
1428 787 1430 814 ³

268 927 361 986 quum
390 911 458 987 post
489 923 646 966 censuram
673 902 845 978 Lctronnii‚
880 921 969 982 quarn
999 913 1304 984 commemoravimus,
1429 949 1430 976 2

270 1027 393 1088 eandem
413 1032 483 1085 ‘rem
511 1027 653 1086 tractaret
680 1021 836 1098 (tittertin's
863 1023 975 1084 Antike
1002 1022 1187 1104 arianensi
1214 1024 1246 1106 1,
1276 1045 1304 1104 p.
1428 983 1430 1004 Ι

148 1126 149 1129 ¹
268 1139 448 1220 342-370,
470 1147 501 1202 et
512 1139 644 1204 “Uttime
667 1142 800 1204 ricerche
821 1142 897 1204 suile
919 1141 1012 1204 forme
1033 1143 1082 1205 dci
1103 1143 1166 1202 vasi
1187 1141 1304 1218 Greci',
1427 1169 1430 1232 3

269 1282 338 1342 quae
359 1266 440 1324 extat
462 1264 491 1321 in
512 1260 620 1322 rinnai.
645 1259 774 1321 instituti
785 1259 871 1320 Rom.
888 1261 946 1324 vot.
958 1259 1038 1344 viii,
1061 1279 1092 1340 p.
1108 1255 1304 1340 itt-159),
1428 1247 1430 1330 ᾗ

271 1383 364 1460 magis
379 1382 469 1440 etiam
484 1380 717 1456 circumscripsit
730 1380 882 1439 nominum
898 1396 1071 1460 numerum,
1093 1398 1130 1440 er
1145 1380 1181 1440 iis
1195 1383 1304 1454 tamen,
1427 1391 1430 1474 ¹]

155 1581 160 1591 ¹
270 1517 337 1594 quan
357 1499 493 1577 reliquit,
526 1499 621 1558 msior
647 1501 715 1576 pars
740 1497 787 1558 rei
816 1497 974 1558 admodum
997 1496 1103 1574 dubia,
1135 1497 1182 1560 vel
1203 1503 1307 1576 operte

271 1619 343 1680 iaisa
372 1621 428 1678 cst.
469 1615 569 1677 Etiam
598 1621 701 1677 contra
723 1614 787 1674 haec
809 1616 930 1693 scripsit
957 1613 1128 1676 hunuanus
1149 1617 1180 1676 in
1201 1615 1305 1694 Epire·
1427 1605 1430 1638 ³

272 1754 345 1798 mer.
366 1725 658 1796 Eruditorum1837
681 1732 765 1813 Nou,
790 1734 872 1809 Deo,
895 1726 1075 1814 18381211,
1097 1752 1232 1796 seorsum
1253 1754 1306 1796 ex-

270 1873 342 1917 cusa
363 1853 419 1915 sub
442 1852 529 1912 tituto
552 1848 1062 1930 “SuppiementanxObservations
1077 1870 1134 1918 ‚sur
1154 1853 1198 1914 tes
1220 1871 1307 1914 nonis
1428 1897 1430 1928 ,

271 1974 325 2035 des
345 1989 430 2034 vasen
452 1969 572 2032 Greos.”
619 1968 658 2029 Et
680 1969 728 2029 hic
750 1969 869 2048 quidem
892 1972 937 2031 vir
958 1971 1096 2048 egregius
1118 1970 1254 2032 inutilem
1276 1977 1307 2032 et
1429 2005 1430 2062 3

272 2109 379 2152 vanum
406 2089 485 2150 hunc
512 2093 608 2150 totum
631 2087 760 2148 laborem
788 2091 874 2181 putat
895 2089 1037 2167 [Ephem.
1060 2084 1145 2149 1833
1164 2108 1193 2168 p.
1215 2085 1306 2162 734).

271 2210 315 2271 Ac
336 2227 408 2270 sane
430 2210 455 2268 si
478 2225 546 2268 vera
569 2211 615 2268 est
636 2225 671 2268 ea
695 2209 862 2287 sententia,
895 2226 984 2285 quarn
1012 2211 1043 2267 et
1065 2208 1203 2284 proponit
1224 2206 1263 2281 (Ι.
1286 2207 1305 2268 Ι.

271 2347 301 2407 ρ.
321 2323 402 2400 299)
425 2332 455 2388 et
485 2327 632 2386 interdum
660 2326 813 2403 sequitur,
846 2326 910 2386 haec
940 2327 1058 2386 nomina
1086 2329 1147 2386 tam
1175 2343 1247 2404 vaga
1275 2331 1306 2386 et
1384 2321 1386 2328 ’
1428 2309 1430 2368 !

270 2463 375 2525 parum
397 2443 646 2523 stabiliatuisse,
676 2443 787 2504 nuttam
809 2449 844 2504 nt
864 2449 974 2504 certam
999 2445 1057 2504 vim
1081 2445 1117 2504 iis
1141 2444 1307 2506 tribuerent
1427 2445 1430 2528 j

272 2564 404 2640 antiqui:
448 2562 474 2620 si
497 2562 610 2638 antiqui
634 2562 690 2640 ipsi
715 2565 899 2638 nescierunt,
921 2563 992 2640 quid
1015 2563 1135 2622 nomina
1156 2561 1307 2640 signitica-

272 2685 355 2759 rent,
400 2695 437 2738 ne
465 2694 519 2738 nos
541 2678 661 2756 quidem
682 2681 759 2740 scire
783 2697 952 2758 possumus.
1008 2679 1067 2740 Sed
1090 2679 1163 2740 mihi
1184 2681 1307 2758 qni'dom
1428 2703 1430 2750 3

272 2798 346 2875 eripi
371 2813 427 2856 non
450 2800 564 2879 potest,
587 2814 672 2858 suam
695 2799 802 2876 cuique
823 2797 965 2858 vocabuto
986 2799 1045 2857 vim
1067 2815 1145 2879 esse,
1163 2799 1226 2864 nisi
1248 2798 1306 2859 iin-

272 2933 336 2992 gure
360 2919 463 2975 natura
486 2919 628 2977 mutetur.
754 2951 757 2956 ·

356 3032 468 3093 Praeter
496 3033 550 3094 tros
579 3036 743 3112 scriptores
771 3032 810 3095 K.
842 3031 878 3094 0.
907 3032 1015 3094 Mutae
1042 3035 1072 3094 in
1099 3033 1306 3113 Archaeoiogia
1429 3029 1430 3036 '

272 3145 474 3227 §298-301
499 3152 681 3212 multavere
703 3149 925 3227 animadvertit3
948 3153 1001 3212 sed
1023 3156 1084 3212 tam
1105 3152 1235 3213 minutas
1257 3169 1306 3214 ree

224 3307 228 3316 ·
272 3287 329 3330 non
354 3271 417 3348 ipsc
437 3270 558 3348 penitus
581 3271 747 3349 inquisivit,
780 3270 913 3347 aliusque
936 3285 1064 3347 sequens
1086 3274 1225 3331 auctores
1246 3289 1306 3330 non

272 3405 389 3465 semper
410 3389 539 3466 optimos
561 3389 667 3468 clegit,
697 3394 730 3448 nt
753 3407 809 3448 non
834 3388 914 3448 uuila
937 3387 1118 3449 emendanda
1140 3387 1306 3452 videantur.

272 3503 368 3566 Etiam
396 3502 438 3568 W.
461 3504 496 3565 Α.
521 3505 627 3566 Becker
655 3509 684 3567 in
708 3505 832 3566 “Gallo”
862 3510 893 3566 et
914 3504 1090 3567 “Charine”
1118 3509 1208 3568 variis
1231 3507 1307 3568 tocie

271 3622 334 3682 hac
355 3625 465 3702 attigit.

357 3740 433 3818 Quae
461 3761 553 3821 quum
582 3744 622 3803 ita
650 3746 726 3819 sint,
759 3761 813 3804 neo
842 3761 1091 3821 supervacaneam
1113 3759 1235 3822 operam
1258 3760 1307 3806 mo
1429 3819 1430 3824 γ

271 3859 423 3936 suscipere
446 3859 603 3948 putabam,
619 3879 673 3922 neo
696 3861 827 3940 protecto
850 3862 997 3922 inutilem.
1043 3861 1121 3940 Quis
1144 3867 1191 3922 est
1212 3864 1304 3938 enirn,

1428 3891 1430 3966 i

272 3975 322 4052 qui
344 3975 403 4036 troo
425 3979 604 4037 contendere
626 3975 753 4038 andeat‘t
783 3979 880 4054 Quam
903 3997 984 4059 saepe
1006 3981 1080 4042 nova
1102 3984 1133 4040 et
1154 3981 1304 4058 insperata
1428 3999 1430 4070 g

271 4093 321 4154 iux
343 4093 464 4174 aiiutsit,
492 4096 569 4156 unde
591 4112 678 4155 nemo
701 4102 933 4176 exspectaverat.
980 4097 1045 4158 Non
1069 4098 1197 4160 arbitror
1220 4101 1305 4178 eqni·
1428 4141 1430 4150 1

1427 4153 1430 4264 i
