2876 4580
658 221 698 285 tl

162 440 210 500 ap.
235 421 310 483 Non.
333 441 362 501 p.
384 418 463 485 545:
491 422 659 487 “alabaster
681 427 786 506 plenus
810 433 980 513 unguenti”,
1011 440 1042 494 et
1066 433 1195 498 Martial.

161 539 216 618 xl,
236 535 269 617 8,
290 536 327 604 9:
352 536 474 601 “Cosmi
498 541 633 604 redolent
654 545 827 609 alabastra”.

246 657 328 719 Nova
357 662 482 721 materia
509 660 615 740 lapidis
643 665 733 724 etiam
756 683 860 726 noram
882 666 1007 730 formam
1029 673 1195 750 requisivit,

160 795 252 854 quam
273 779 347 837 satis
368 783 505 840 accurata
526 780 685 860 descripsit
707 781 832 861 Plinius,
866 787 917 863 qul
939 785 976 850 Η.
1001 787 1037 850 N.
1069 789 1125 868 lX,
1142 787 1195 866 56,

161 888 224 953 113
247 893 439 975 “elenchos”
461 897 568 975 inquit,
591 895 789 978 “margaritas
807 901 957 980 appellant
975 904 1111 984 instigata
1129 908 1195 970 lon·

1 1029 2 1050 α
44 1047 45 1052 κ
160 1013 306 1093 gitudine,
329 1012 541 1074 alabastrorum
553 1015 647 1092 ligura
669 1020 699 1078 in
722 1017 998 1097 plenioremorbam
1013 1025 1194 1088 desinentes.

160 1130 223 1190 llos
245 1131 345 1208 digitis
367 1132 550 1209 suspendere
571 1139 602 1195 et
622 1135 708 1197 binos
730 1143 762 1198 et
784 1143 886 1199 ternos
907 1140 1040 1221 auribus,
1070 1141 1195 1206 lemina-

160 1267 227 1310 rum
250 1249 343 1326 gloria
365 1249 440 1311 est.”
483 1249 563 1310 idem
591 1253 698 1333 (xxi,
728 1251 865 1334 10,14)
894 1263 1066 1319 nascentem
1094 1278 1194 1322 rosam

159 1367 340 1444 describens,
374 1385 439 1428 eam
473 1369 670 1431 intumescere
699 1373 741 1432 ait
763 1378 793 1433 et
827 1375 855 1434 in
889 1377 998 1436 virides
1031 1375 1194 1439 alabastros

159 1485 302 1564 lastigari.
345 1484 390 1547 lta
413 1487 492 1564 quod
515 1489 599 1548 initio
621 1491 751 1551 materiae
771 1509 876 1552 nomen
894 1490 1001 1572 luerat,
1025 1497 1193 1556 moretiam

159 1603 260 1664 lormae
283 1621 389 1664 nomen
413 1602 522 1665 laetum
546 1582 608 1687 est,
641 1612 673 1668 et
701 1607 841 1670 alabastri
868 1611 1007 1689 appellati
1035 1616 1122 1687 sunt,
1156 1632 1193 1674 ea

158 1739 336 1801 quacunque
358 1723 481 1782 materia
503 1721 572 1784 laeti
589 1730 691 1806 erant;
714 1729 1193 1810 aureosvidimnsap.Tbenerit.;

158 1857 291 1919 persaepe
312 1843 389 1901 vitro
411 1844 442 1900 et
462 1841 565 1918 argilla
588 1841 711 1905 eandem
733 1847 863 1924 speeiem
885 1849 991 1909 imitati
1007 1851 1087 1910 sunt.
1133 1848 1193 1909 Er·

157 1959 287 2038 emplum
309 1977 336 2021 v.
360 1957 450 2021 Gerh.
474 1960 548 2037 Rap.
572 1979 599 2024 n.
621 1957 673 2024 21.

243 2075 389 2162 Alabastri
407 2096 498 2156 quum
521 2079 607 2138 multi
628 2079 665 2140 ad
688 2084 819 2140 nostram
841 2083 959 2142 atatem
981 2088 1190 2161 pervenerunt,

158 2202 220 2258 tum
232 2213 309 2274 saepe
322 2197 435 2254 invasis
443 2197 515 2273 pinli
528 2200 709 2274 spectantur,
721 2198 784 2257 sive
796 2198 1021 2275 indeunguenta
1034 2199 1192 2260 ellnndun-

157 2321 217 2388 tur,
236 2315 299 2373 sive
318 2314 347 2372 in
360 2315 447 2392 pictis
466 2315 554 2392 positi
571 2319 643 2376 sunt
654 2317 918 2394 unguentariorum
941 2317 1070 2395 scriniis,
1093 2316 1190 2394 qualia

157 2428 453 2516 ἄλαβαστροθήκας
463 2437 493 2492 et
505 2427 782 2516 ἀλαβαστοθήκας
793 2433 931 2494 dicebant
941 2435 987 2513 [v.
998 2433 1190 2494 Demosthen.

157 2549 328 2628 Parapresb.
341 2545 419 2625 2375
442 2549 516 2610 Poll.
529 2551 570 2624 X,
584 2545 671 2622 121).
705 2551 771 2612 Vid.
784 2549 956 2630 Millingen:
979 2551 1137 2613 Peintures
1155 2551 1192 2612 de

157 2685 243 2728 rases
264 2669 301 2729 de
323 2668 455 2728 diverses
475 2668 659 2749 tullentinus,
682 2669 742 2731 tab.
762 2665 812 2730 17.
1068 2639 1073 2650 ¹

561 2869 788 2881 ——---.

241 3036 371 3087 fictilium
399 3048 534 3102 rasorum,
565 3049 622 3099 qna
653 3039 702 3087 bue
724 3037 867 3100 pertinent,
893 3037 944 3088 dnn
969 3038 1077 3088 manime
1100 3049 1191 3099 genera

154 3139 336 3200 distinguenda
354 3144 421 3188 sunt

665 3242 684 3288 l.

596 3355 750 3438 Ampulla,

155 3488 212 3536 nna
230 3479 336 3536 angusto
354 3476 429 3540 eollo,
448 3475 546 3525 tumido
557 3487 660 3538 corpore
676 3451 932 3526 interedbndendum
947 3473 1086 3534 singultum
1105 3472 1192 3521 edunt.

154 3575 203 3625 Har
220 3577 280 3638 qnia
299 3576 448 3638 plerumque
469 3589 600 3638 suspensa
619 3576 733 3636 inerunt,
760 3587 827 3636 sape
852 3573 917 3635 pede
935 3577 1037 3636 aarent;
1064 3572 1191 3622 interdum

153 3682 240 3726 tamen
260 3677 330 3726 basis
348 3678 434 3727 addita
454 3682 501 3734 est,
520 3680 548 3725 ut
566 3675 687 3736 deposita
705 3681 772 3725 stare
791 3681 904 3738 possent.

244 3777 265 3827 l.
301 3777 500 3828 Globnsatorma
518 3783 662 3840 spectantur
675 3782 788 3826 scorteae
805 3777 932 3838 ampullae
942 3776 998 3826 sine
1011 3788 1072 3824 ansa
1091 3776 1117 3826 in
1135 3775 1193 3825 dis-

155 3879 288 3940 putatione
312 3879 413 3928 laudata
431 3878 562 3930 Letrnnnii
586 3876 706 3941 (prem.
728 3875 822 3942 lata„
852 3889 937 3926 aeneae
960 3877 1061 3928 duabus
1078 3877 1149 3927 ansis
1168 3878 1193 3926 in

152 3979 230 4030 Herc.
242 3985 268 4028 et
276 3980 367 4042 Pomp.
379 3979 422 4042 Vl,
431 3979 464 4028 ts
471 3986 498 4030 et
515 3979 564 4042 873
583 3980 667 4030 vitrea
684 3986 744 4029 sunt
761 3979 787 4029 in
798 3990 864 4031 mus.
874 3977 953 4040 Regis
962 3979 1059 4029 Denta.
1090 3978 1193 4028 Fictiles

153 4093 230 4130 unam
249 4080 342 4131 babent
361 4061 458 4130 ansam.
504 4081 568 4130 Sunt
586 4079 612 4143 a)
631 4093 659 4130 er
678 4081 781 4141 antiquo
801 4086 825 4130 nt
840 4081 896 4130 rudi
910 4092 1016 4142 genere,
1042 4079 1192 4140 plerumque
