2888 4576
568 221 797 320 „jn-.-

205 428 349 510 χρύσειαι
370 432 557 511 νεμέθοντο,
580 426 644 493 δύο
664 424 699 491 δ’
719 423 783 495 ind
805 433 971 514 πυθμένες
991 426 1083 517 ἦσαν.

207 546 308 622 ἄλλος
327 549 388 630 μὲν
407 550 533 628 μογέων
548 542 793 633 ’ἀποκινήσασκε
813 549 968 631 τραπέζης

205 664 320 730 utam
342 653 409 729 div·
430 669 558 748 Νέσσκρ
580 662 614 728 δ’
635 659 655 730 ὅ
676 669 778 749 γέρων
798 662 933 751 ἄμογηοι
955 667 1073 751 ἄειρον.

163 783 296 844 Primum
318 783 356 844 do
377 786 502 846 materia
518 789 631 846 certum
653 789 710 866 sat,
733 790 786 847 aui
806 801 932 848 aeneum
954 790 1006 847 aut
1027 781 1208 865 argenteum

162 901 272 980 fuisse,
308 906 341 962 ut
362 905 461 962 cetera
483 897 664 980 elegantiona
693 923 739 981 ap.
761 904 933 967 Homerum.
987 904 1081 966 Erant
1103 913 1200 967 autom

164 1019 279 1080 inminse
302 1019 412 1081 mstaiii
435 1023 534 1082 aureis
556 1022 648 1083 oiavis
670 1022 834 1103 ooiiignto3
868 1039 1048 1102 quamquam
1069 1022 1201 1103 inerunt,

162 1139 215 1217 qni
243 1139 299 1199 hos
332 1143 473 1216 putarent
501 1143 616 1202 tantum
644 1143 809 1202 ornamenti
837 1157 927 1202 causa
955 1139 1061 1203 infixos
1098 1142 1202 1221 inisse,
1233 1211 1235 1219 s

162 1261 215 1318 aut
236 1273 275 1316 ns
297 1255 403 1316 infixos
425 1257 562 1340 quidem,
586 1260 638 1320 sed
661 1260 781 1343 oniatos
804 1262 833 1320 in
856 1255 1007 1320 clavorum
1030 1262 1201 1322 similitudi-

162 1393 242 1448 nem,
265 1377 464 1450 immemores,
486 1378 603 1456 opinor,
626 1377 767 1439 fundendi
790 1383 882 1438 artem
901 1379 987 1456 ionga
998 1383 1066 1456 post
1077 1378 1199 1442 Homeri

161 1499 281 1555 aetatom
304 1493 380 1554 tradi
403 1496 551 1556 inventam
573 1514 640 1557 esse
662 1515 678 1557 a
703 1496 824 1558 Rhoooo
846 1497 925 1558 oiroa
946 1495 996 1558 01.
1018 1489 1077 1572 35,
1103 1499 1200 1579 serius

161 1611 251 1672 etiam
280 1610 433 1673 aGianoo
459 1611 672 1676 ferruminandi
700 1620 808 1696 artem3
842 1614 950 1694 quibus
977 1616 1103 1694 ignotis,
1142 1632 1200 1676 non

162 1730 248 1792 video
260 1747 343 1808 sane,
356 1731 505 1808 quomodo
527 1733 618 1794 oiavis
641 1733 738 1795 iniixis
759 1751 862 1795 carere
884 1734 1044 1812 potuerint.
1090 1731 1121 1794 Si
1143 1734 1201 1794 hos

160 1849 258 1911 oouiis
279 1849 379 1910 vidoro
399 1849 483 1929 tibet,
505 1822 535 1910 in
557 1849 672 1912 duabus
694 1853 824 1913 iuoemis
846 1851 987 1914 fiotiiibus
1009 1869 1057 1931 ap.
1082 1852 1200 1912 D’Han-

161 1968 326 2030 carviiiium
348 1967 423 2042 (voi.
445 1967 483 2047 u,
513 1985 540 2046 p.
557 1963 612 2048 81,
635 1969 694 2030 tab.
721 1966 777 2043 14)
800 1972 984 2050 conspicitur
1005 1986 1115 2049 corpus
1135 1989 1201 2031 am·

163 2086 264 2166 phoras
293 2085 391 2147 infixis
417 2087 506 2148 oiavis
535 2105 604 2148 oum
637 2087 713 2148 ooiio
743 2090 945 2150 coniunctum.
967 2119 1009 2134 -
1052 2088 1202 2163 Quattuor

50 2241 51 2244 =
162 2219 243 2265 ansas
259 2221 318 2282 qua
342 2207 455 2265 ratione
478 2205 713 2284 positoiuerint,
737 2206 861 2268 muitum
883 2207 1067 2284 disputatum
1088 2209 1146 2285 est,
1170 2212 1201 2265 at

162 2329 223 2384 tam
245 2323 325 2384 varia
357 2326 406 2383 est
430 2325 504 2384 antio
533 2325 562 2384 in
591 2326 628 2386 iis
648 2324 800 2406 fictilibus,
834 2343 902 2405 quo
922 2326 959 2386 ad
982 2342 1036 2385 nos
1058 2343 1201 2403 norveno-

163 2445 253 2522 runt,'
282 2445 316 2502 ut
338 2441 411 2501 nihil
434 2440 576 2503 affirmari
598 2461 687 2520 posse
708 2444 864 2525 videatur;
895 2445 921 2505 si
943 2447 1065 2522 propter
1085 2445 1201 2520 magni-

162 2561 295 2621 tudinem
322 2561 400 2621 vasis
434 2565 576 2638 quattuor
609 2561 749 2644 inerunt,
782 2564 928 2641 suspicari
960 2565 1078 2641 possis,
1116 2562 1200 2622 binas

162 2679 304 2757 utrinque
326 2693 414 2738 aures
436 2677 540 2759 inisse,
562 2678 834 2759 aiterassuperius,
856 2682 965 2742 atteras
982 2680 1117 2760 interius,
1141 2697 1200 2758 quo

160 2797 344 2858 commodius
367 2797 521 2859 toiieretur
542 2815 605 2875 vas,
638 2799 725 2876 quate
758 2800 925 2879 exemptum
954 2803 1036 2860 extat
1057 2819 1104 2878 ap.
1129 2799 1199 2860 Pas-

118 2993 124 2997 .
162 2916 274 2976 serium
297 2913 322 2993 i,
344 2910 453 2979 25.-·
474 2915 532 2976 Sed
555 2933 613 2976 non
637 2919 871 2996 magnitudinem
893 2917 1001 2994 sotum,
1026 2919 1115 2978 etiam
1138 2917 1200 2978 oie·

161 3034 292 3111 gantiam
313 3035 343 3094 in
366 3033 560 3095 describendo
582 3037 728 3114 spectavit
750 3017 846 3114 podia.
897 3033 959 3110 Qui
981 3035 1061 3114 quod
1084 3035 1199 3096 coium·

160 3150 214 3212 bas
247 3156 458 3213 commemorat
492 3153 604 3213 circum
638 3171 725 3214 ansas
764 3162 937 3232 pascentes,
978 3155 1079 3214 mirari
1119 3153 1199 3234 iicet,

162 3272 225 3329 tam
247 3270 361 3349 antiqui
384 3272 528 3349 temporis
550 3275 644 3331 artem
659 3271 735 3330 idem
748 3277 970 3352 osseseoutam‚
992 3275 1073 3351 quod
1096 3277 1199 3351 postea

161 3383 292 3466 parieota
315 3368 461 3468 ei'eganaia
481 3390 510 3449 in
524 3388 713 3468 Pompeianis
733 3390 835 3450 multis
857 3392 1032 3470 reperimus.
1045 3423 1087 3436 -
1109 3389 1198 3468 Quod

159 3511 260 3566 autem
274 3512 542 3569 commemorantur
553 3507 612 3567 duo
623 3509 799 3590 πυθμένες,
822 3523 925 3567 aarum
948 3509 976 3569 id
999 3509 1119 3588 quidem
1141 3514 1198 3588 est,

159 3624 240 3702 quod
262 3625 388 3704 docent,
422 3627 578 3706 πυθμένα
599 3625 760 3703 dupiioiter
779 3625 850 3698 dioi,
883 3629 914 3686 et
936 3625 973 3686 do
994 3625 1085 3687 iundo
1107 3628 1197 3700 vasis,

160 3746 195 3802 ut
215 3743 284 3804 Ath.
306 3741 361 3822 xi,
385 3762 416 3822 p.
437 3739 512 3824 495,
535 3757 566 3805 o:
593 3742 718 3806 Πέλλα·
740 3738 872 3822 ἀγγεῖον
894 3743 1086 3828 σκυφοειδές,
1108 3749 1197 3810 πυθ-

159 3862 243 3941 μένα
264 3859 339 3942 ἔχον
361 3859 566 3944 πλατύτερον,
589 3860 634 3936 εἰς
653 3860 673 3926 δ
689 3859 829 3945 ἤμελγον
846 3858 881 3925 τὸ
892 3861 989 3942 μάλα,
1012 3868 1042 3923 et
1063 3865 1101 3924 de
1123 3866 1199 3943 pedo

160 3979 309 4059 apposito,
332 3985 366 4040 ut
383 3978 625 4060 noitvnatiue
637 3986 793 4061 psyctere:
816 3976 854 4047 οὔ
873 3978 937 4066 μὴν
957 3983 1021 4064 ἔχει
1043 3985 1198 4064 πυθμένα

158 4089 231 4159 ἄλλ’
262 4092 543 4178 α’στραγαέέσκους·
574 4099 612 4158 oi.
636 4102 705 4164 dih.
736 4094 810 4180 481,
834 4101 870 4180 d3
916 4119 1064 4178 nunquam
1100 4105 1196 4159 tamon
