2876 4580
670 251 709 318 31

262 456 297 517 ln
320 457 409 518 doliis
428 457 557 536 primum
580 456 755 533 magnitudo
776 455 1052 534 animadvertenda,
1076 475 1163 536 qnam
1184 463 1216 519 et

175 573 334 654 proverbia
367 573 502 652 qaraedam
535 574 756 654 demonstrant,
789 578 824 636 ut
852 575 903 652 qui
931 592 967 636 ex
996 591 1101 653 magna
1130 579 1214 654 copia

175 700 317 772 sumunt,
355 692 393 753 de
421 691 501 752 dolio
534 691 654 753 haurire
682 693 820 754 dicuntur
848 692 987 764 (Thanar.
1020 689 1077 767 10,
1112 689 1153 756 13
1181 691 1216 756 la

175 814 269 874 πίθω
298 805 423 886 dertare
450 808 565 894 δῆλον,
604 805 666 890 ἐγώ
693 806 729 872 d’
755 809 815 892 ἔχω
843 805 919 876 οὐδ’
945 808 1018 884 ἅλις
1046 807 1151 888 ὄξος),
1183 815 1215 871 et

175 931 226 1008 qui
250 929 363 992 nimius
388 929 449 989 vini
477 933 592 990 amator
619 933 702 1006 erat,
735 931 838 1005 πίθος
866 929 1020 992 dicebatur
1049 928 1140 1002 (Poll.
1163 928 1215 1009 vl,

174 1042 252 1127 43),
285 1053 317 1108 et
342 1048 436 1125 nlagls
464 1047 555 1107 eliam
585 1045 711 1124 probant
739 1065 806 1125 qun
835 1047 872 1108 ab
893 1048 1024 1124 antiquis
1047 1051 1214 1109 narrantur.

175 1163 287 1225 Notum
310 1169 372 1242 cst,
408 1165 569 1243 Diogenem
600 1167 737 1244 cynicum
767 1165 797 1225 in
827 1165 906 1225 dolio
928 1164 1077 1226 habitasse
1100 1168 1213 1228 narrari

176 1288 222 1355 (v.
246 1281 331 1344 Suid.
354 1278 414 1366 ζωὴ
436 1285 541 1348 πίθου
568 1289 600 1344 el
626 1282 764 1344 Errstatlr.
795 1284 830 1344 ad
859 1282 894 1346 ll.
917 1307 957 1357 ω,
977 1276 1077 1365 5ἓ6);
1120 1283 1214 1344 Athe-

175 1402 294 1461 nienses
316 1405 434 1480 autom,
457 1419 549 1480 quum
571 1406 696 1478 urgente
718 1400 796 1460 bello
818 1399 1036 1480 Peloponnesio
1059 1403 1088 1462 lo
1111 1401 1214 1464 urbem

177 1516 301 1580 oonlerti
324 1518 484 1580 domiciliis
506 1523 641 1580 carerent
659 1518 808 1596 (Thucyd.
819 1516 858 1596 ll,
872 1514 939 1597 li),
963 1521 992 1579 in
1015 1519 1101 1580 doliis
1123 1521 1214 1580 etiam

174 1606 327 1698 narrasse
357 1637 429 1698 asra
457 1636 671 1714 Aristophanes
698 1636 818 1715 (aqua.
847 1631 912 1698 rsa
944 1633 981 1701 ev
1009 1633 1214 1718 φιδάκναις).

177 1753 253 1816 Tum
276 1755 307 1816 in
329 1753 438 1816 labulis
460 1755 603 1816 traditum
625 1760 692 1815 erat
714 1759 758 1826 (v.
780 1754 916 1832 Apollod.
937 1753 983 1836 ll,
1004 1752 1043 1834 5,
1068 1751 1120 1834 l),
1152 1755 1213 1816 Eu·

175 1871 347 1950 matheum,
370 1891 462 1952 quom
487 1873 515 1934 ei
538 1871 682 1934 Hercules
705 1891 809 1954 aprum
831 1873 1061 1951 Erymanthium
1083 1873 1212 1953 allerret,

175 1991 330 2052 timentem
358 1992 388 2050 in
413 1990 493 2054 dolio
522 2007 556 2050 se
583 1990 740 2054 abdidisse.
798 1991 902 2070 Neque
930 1961 1018 2054 aliter
1044 1993 1214 2072 intelligen-

174 2108 257 2188 aum,
279 2110 360 2188 qnod
381 2109 489 2186 legitur
511 2109 541 2168 in
564 2108 598 2169 ll.
621 2131 648 2186 ε,
670 2103 736 2170 385
757 2127 834 2186 sqq„
856 2109 1049 2187 Aloidesper
1072 2111 1213 2171 tredecim

174 2242 294 2288 menses
322 2223 447 2288 blartnrr'r
480 2227 612 2290 vinctum
640 2228 772 2287 tenuisse
803 2225 943 2311 Χαλκέῳ
972 2224 1009 2289 ἐν
1035 2227 1164 2312 κεράμῳ
1194 2230 1213 2290 i.

175 2362 201 2405 e.
223 2346 254 2404 in
284 2344 379 2420 dolio,
415 2349 450 2404 ut
479 2349 559 2406 recte
591 2345 799 2406 animadvertit
826 2343 1008 2405 Letr‘onnius
1045 2345 1137 2423 (pr.
1159 2346 1211 2409 Er.

173 2455 259 2522 1833
280 2481 310 2540 p.
330 2443 438 2539 doz),
474 2463 505 2522 in
532 2433 568 2524 eo
597 2467 713 2524 tantum
742 2479 862 2543 errans,
895 2462 973 2540 quod
995 2482 1066 2524 rere
1088 2481 1212 2536 aeneum

174 2578 287 2640 dolium
319 2581 456 2658 pulavit,
488 2597 593 2658 -quum
627 2581 801 2641 adieclivem
840 2577 978 2661 χάλκεος
1010 2583 1212 2642 tantummodo
1262 2617 1266 2626 ·

174 2695 386 2758 firmitudinem
414 2697 541 2774 indicet,
575 2702 609 2758 ul
638 2697 688 2758 ubi
711 2715 800 2776 rupes
819 2697 961 2779 χάλκεον
982 2709 1082 2779 τεῖχος
1104 2701 1214 2762 dicitnr

174 2814 251 2893 (Od.
279 2835 307 2877 κ.
335 2809 401 2894 4.),
436 2815 486 2876 ubi
516 2833 568 2876 cor
595 2833 719 2876 aeneum
750 2821 872 2877 vocatur
899 2820 930 2876 et
957 2817 1073 2878 similia.
1124 2818 1211 2892 Quod

173 2937 275 2994 autem
302 2932 390 3010 vulgo
410 2933 534 2996 Homeri
565 2932 654 2993 verba
677 2934 714 2992 de
736 2951 856 2994 carcere
877 2932 1021 2994 aedificato
1044 2935 1213 3012 intelligunt

174 3049 280 3122 (eliam
304 3050 411 3112 Mulier
432 3050 578 3112 Archaeol.
602 3044 698 3130 948,
719 3045 776 3130 3),
811 3053 948 3132 κέραμος
973 3051 1129 3114 edificium
1152 3054 1212 3129 sig-

174 3167 296 3230 nificare
319 3187 376 3229 non
399 3173 508 3247 potest.
551 3168 685 3232 Debetur
707 3171 764 3230 ista
786 3171 992 3246 interpretatio
1015 3171 1212 3247 grammaticis

173 3284 363 3365 quibusdam,
385 3288 436 3363 qui
459 3305 475 3346 a
497 3289 728 3365 poeticoosensu
750 3288 839 3348 alieni
862 3288 960 3347 omnia
983 3288 1019 3350 ad
1043 3288 1212 3348 verisimili-

174 3405 287 3466 tudinis
310 3406 628 3482 normamexigorent.
682 3405 747 3468 lloc
769 3423 841 3466 vero
858 3421 926 3464 ⁴non
961 3405 1211 3465 verisimilitudini

95 3538 100 3547 ·
172 3527 330 3600 repugnat,
354 3523 404 3582 sed
428 3523 583 3600 rrragnifica
604 3531 635 3584 et
656 3523 772 3584 lortiter
794 3523 896 3584 lictum
919 3527 975 3584 est.
1019 3523 1063 3606 Ac
1085 3539 1123 3581 ne
1145 3524 1212 3600 quis

111 3671 117 3676 -
173 3643 277 3718 putet,
306 3639 370 3700 haec
392 3640 478 3701 verba
503 3645 618 3701 tanturn
641 3658 726 3716 esse,
755 3659 809 3700 nec
832 3639 1062 3716 inintellecta,
1096 3645 1130 3700 ut
1151 3641 1212 3700 sint

172 3756 271 3835 dicta,
287 3757 341 3816 ¹de
362 3759 441 3820 reris
466 3758 553 3818 doliis
575 3761 641 3836 agi,
675 3757 862 3836 apertissime
884 3758 1046 3818 ostendunt
1068 3759 1211 3836 imagines

173 3876 322 3953 antiqua,
356 3875 406 3936 ubi
435 3875 637 3955 Eurystheus·
655 3877 838 3956 conspicitur
865 3877 895 3936 in
923 3865 1005 3937 'dolio
1033 3876 1211 3939 delitescens
1287 3913 1291 3920 ·

173 3995 216 4064 (v.
239 3991 349 4053 Mliller
370 3992 462 4056 Arch.
491 3994 514 4067 §
534 3989 598 4054 410
627 3999 686 4088 not.
708 3990 756 4068 4).
799 3993 989 4075 Conspicitur
1011 3995 1158 4076 Diogenes
1180 3997 1209 4054 in

175 4108 254 4168 dolio
277 4129 344 4169 cum
367 4111 535 4171 Alexandro
560 4113 732 4202 colloquens
761 4115 791 4172 in
820 4113 985 4190 anaglypho
1008 4111 1141 4172 Ronlano
1163 4129 1210 4186 ap.
