2876 4580
674 223 696 288 3

574 314 801 324 ——a-—q-n

158 433 307 514 buerunt,
331 437 375 494 tot
397 430 490 492 libros
512 430 549 490 de
571 431 608 490 iis
630 431 826 510 scripserunt,
853 434 897 490 tot
919 432 1061 510 imagines
1083 435 1203 512 evulga-

158 557 247 632 runt,
269 556 303 613 nt
327 551 375 612 tric
397 551 423 610 si
445 563 571 626 usquam
592 547 749 608 videantur
769 549 871 610 omnia
887 548 975 628 plana
996 566 1064 611 esse
1084 551 1203 614 debere.

157 669 204 730 Et
225 673 308 752 sunt,
340 670 396 729 nisi
425 665 528 746 iallor,
563 666 650 726 modo
679 684 716 727 ne
745 666 840 726 nodus
868 666 897 726 in
921 669 1020 746 scirpo
1042 676 1203 746 queratur.

159 787 223 850 Sed
250 792 322 848 sunt
348 787 469 865 quidam
498 789 580 846 tanta
607 785 799 862 antiquorum
826 784 980 846 hominum
1008 787 1204 849 admiratione

159 906 281 985 imbuti,
304 910 338 966 ut
359 923 392 964 se
415 921 474 966 uon
496 902 592 964 solum
614 901 724 964 litteris
746 907 777 963 st
798 903 924 983 artibus,
946 904 998 965 sed
1013 906 1103 968 etiam
1116 907 1202 984 nugis

159 1027 195 1084 et
215 1023 338 1101 ineptiis
361 1022 398 1084 ab
421 1024 459 1083 iis
480 1025 636 1100 superatos
659 1038 726 1082 csse
749 1020 855 1102 velint,
887 1039 999 1102 easque
1020 1024 1058 1084 iis
1080 1029 1202 1084 senten·

158 1144 219 1204 tias
242 1141 385 1219 tribuant,
407 1157 481 1219 quas
503 1157 600 1218 neque
622 1139 677 1218 ipsi
700 1137 911 1221 intellexerint,
934 1159 1031 1221 neque
1044 1143 1203 1221 quisquam

161 1260 331 1338 intelligere
352 1261 457 1340 possit.
502 1257 541 1319 lli
563 1274 673 1319 arcana
694 1258 916 1339 mysteriorum,
952 1277 1021 1338 quae
1043 1277 1080 1321 ne
1101 1261 1200 1322 verbis

161 1379 284 1457 quidem
306 1378 407 1454 eloqui
428 1376 473 1438 las
494 1379 575 1453 erat,
609 1393 663 1452 pcr
685 1377 828 1453 imagines
850 1375 982 1454 prolenis
1002 1375 1083 1456 vulgi
1106 1378 1202 1440 oculis

160 1500 313 1574 expositae
344 1494 513 1571 vilibusque
545 1493 576 1553 iu
610 1492 708 1554 ollulis
739 1493 836 1570 pictas
868 1495 899 1555 in
934 1494 998 1555 loro
1029 1497 1201 1573 prostitisse

160 1617 278 1692 putant.
332 1613 371 1674 lli
394 1609 466 1672 nihil
489 1612 593 1672 sinunt
615 1609 737 1689 opifices
758 1611 949 1690 simpliciter,
980 1611 1054 1674 nihil
1077 1618 1200 1675 ornatus

160 1749 251 1792 causa
265 1730 380 1804 lacere,
403 1729 477 1791 nihil
501 1747 562 1791 non
581 1729 716 1792 obscuris
738 1728 916 1806 quibusdam
938 1732 1104 1793 rationibus
1126 1733 1199 1796 duc-

160 1854 226 1930 tos3
251 1853 284 1910 ut
305 1847 454 1911 interdum
477 1850 573 1909 exiis
595 1864 729 1926 querere
751 1846 852 1927 libeat,
876 1865 974 1910 nonne
989 1865 1094 1934 ornnes
1107 1849 1199 1914 risuri

159 1970 278 2045 essent,
312 1985 410 2028 noune
432 1967 489 2046 ipsi
512 1969 613 2028 esseut
636 1965 742 2045 risuri,
775 1965 802 2025 si
824 1967 891 2045 quis
913 1966 1019 2047 hodie,
1052 1985 1145 2047 quum
1167 1969 1198 2028 in

159 2085 267 2164 poculo
300 2084 400 2145 villam
431 2085 560 2164 aliquam
593 2085 703 2162 pictam
736 2083 916 2164 invenisset,
951 2087 1089 2163 putaret,
1120 2084 1198 2147 villae

158 2202 313 2264 dominum
328 2205 418 2264 ctiam
436 2202 534 2281 poculi
547 2219 626 2275 esse,
649 2203 701 2262 aut
718 2217 811 2277 quum
827 2199 933 2262 liorem
955 2199 1085 2262 ellictum
1107 2203 1199 2264 vidis-

158 2324 217 2400 set,
238 2339 307 2382 curn
329 2322 442 2382 diceret
461 2319 629 2400 significare
650 2317 805 2380 llorentem
827 2318 1057 2382 adolescentiam
1075 2321 1197 2384 domini.

157 2437 242 2500 Talia
274 2439 318 2500 sic
352 2405 444 2500 uude!
462 2441 557 2518 posita
592 2437 679 2498 lacile
710 2437 864 2517 ridentur,
907 2455 1011 2498 verum
1045 2438 1094 2499 ubi
1128 2457 1196 2500 cum

157 2575 266 2634 magno
289 2559 432 2620 doctrinm
453 2560 595 2635 apparatu
617 2552 820 2633 proteruntur,
843 2557 941 2616 minus
958 2561 1110 2635 apparent.
1134 2556 1197 2620 Nec

159 2680 259 2737 umen
286 2679 369 2756 parvi
396 2675 565 2752 habendum
594 2678 657 2751 est,
690 2674 716 2733 si
743 2672 817 2732 tales
844 2690 964 2734 errores
991 2675 1098 2735 animis
1120 2676 1195 2736 insi-

158 2793 259 2872 deant,
292 2797 317 2854 si
340 2813 377 2854 ex
398 2793 448 2853 illo
471 2791 598 2870 populo,
632 2809 721 2869 quem
744 2807 848 2851 omues
870 2791 1067 2870 admiramur,
1100 2794 1194 2872 inepti

157 2913 277 2989 quidam
311 2913 502 2973 minutiarum
535 2913 698 2970 sectatores
728 2906 812 2996 fiant.
869 2907 1013 2970 Videntur
1040 2915 1140 2972 autern
1162 2910 1195 2971 hi

61 3099 64 3104 ,
156 3047 275 3091 errores
298 3029 436 3092 facillime
459 3027 608 3088 sublatum
636 3027 692 3105 iri,
726 3025 752 3086 si
774 3026 900 3103 simplici
922 3028 1021 3088 auimo
1043 3033 1074 3090 et
1095 3029 1195 3090 incor-

156 3149 253 3226 ruptis
275 3148 369 3210 oculis
391 3149 456 3226 ipsa
477 3144 597 3208 vascula
620 3143 810 3222 contemplati
833 3143 989 3207 fuerimus.

241 3265 275 3326 ln
298 3265 375 3328 vasis
397 3266 478 3343 prior
499 3265 563 3324 sine
586 3263 676 3324 dubio
698 3268 744 3324 est
765 3263 903 3341 questio,
925 3281 993 3342 quae
1008 3264 1079 3342 sint,
1101 3265 1194 3326 altera

156 3383 265 3462 quibus
286 3383 375 3444 rebus
397 3387 500 3444 ornata
522 3385 591 3445 sint.
624 3379 686 3442 Nos
709 3383 799 3459 igitur
821 3380 876 3442 hac
897 3381 1098 3460 disputatione
1119 3382 1193 3444 illud

156 3501 331 3582 querimus,
355 3519 422 3579 que
444 3503 504 3562 sint
526 3520 561 3562 ea
582 3499 702 3577 lictilia,
725 3516 852 3576 quorum
875 3503 975 3559 tantus
999 3517 1139 3560 uumerus
1162 3501 1192 3560 iu
1232 3577 1234 3582 ,

155 3619 303 3698 sepulcris
320 3621 451 3698 antiquis
469 3619 635 3694 invenitur,
650 3616 703 3676 ‘vel
724 3615 832 3692 quibus
852 3634 888 3677 ea
906 3616 1075 3706 nominibus
1089 3619 1193 3696 appel-

156 3736 281 3798 laverint
297 3740 411 3816 antiqui
425 3709 493 3815 ipsi.
527 3735 586 3797 Se'd
608 3739 767 3813 antequam
790 3734 884 3812 ipsam
905 3750 969 3794 rem
992 3736 1190 3817 aggredimur,

154 3872 278 3916 neeesse
300 3857 367 3930 erit,
391 3855 526 3934 quaedam
549 3853 638 3914 etde
661 3853 801 3914 universo
823 3869 932 3930 genere
955 3871 1094 3916 vasorum
1110 3857 1141 3915 st
1154 3855 1192 3916 dc

153 3974 269 4034 ratione
291 3972 382 4035 huius
404 3972 539 4052 opusculi
564 3990 694 4034 monere.

957 4088 966 4136 1
976 4089 988 4116 ΙΙ
