2888 4576
662 221 721 284 139

255 427 327 488 Hac
351 432 431 488 reue
453 430 575 487 seonius
597 431 644 486 ost
665 425 812 486 uouerna
833 427 863 486 in
885 426 1029 486 Archooi.
1052 421 1161 500 5299,
1181 444 1209 490 a.

171 564 351 626 quamquam
375 544 534 606 cantharos
555 544 660 604 eodem
677 543 814 604 retulisse
830 543 956 606 videtur.
1001 541 1210 617 Quorunrdis·

170 668 283 730 crimen
307 666 409 724 nescio
430 681 468 723 an
491 664 531 723 iia
553 662 752 723 definiendum
772 663 831 740 sit,
865 665 899 722 ut
927 661 1078 723 carchesia
1106 680 1209 739 prooe-

171 786 250 844 riora
272 787 303 843 et
325 783 506 858 angustiora,
529 781 686 842 candraros
697 781 856 859 ampliores
867 785 898 840 ei
916 781 1097 857 patentiores
1118 778 1210 840 inisse

172 907 321 980 putemus.
366 899 443 974 Quas
466 901 557 977 igitur
567 898 698 960 Panoiia
723 893 862 971 (ruod)
884 903 916 958 et
937 897 1109 959 Gerhardus
1131 897 1207 970 (uu

173 1015 278 1093 Md)
301 1017 453 1080 carchesia
475 1017 673 1098 appellarunt,
698 1015 833 1077 canthari
847 1017 1001 1095 videniur3
1024 1017 1123 1095 potins
1144 1034 1210 1078 oar·

172 1139 274 1198 chasia
296 1141 376 1214 sunt,
400 1155 467 1214 quae
488 1153 577 1215 supra
601 1136 793 1197 indicavimus
816 1139 860 1211 (p.
885 1129 980 1213 136),
1011 1135 1119 1214 quibus
1140 1135 1207 1196 odd.

172 1256 262 1335 Zodg.
274 1256 382 1316 Bassir.
395 1249 438 1313 77
449 1259 479 1314 ei
490 1246 542 1329 78,
567 1253 721 1332 Miiiingen
744 1252 901 1316 Peiniures
913 1256 942 1317 d.
957 1253 1050 1315 Vases
1066 1249 1119 1327 94,
1141 1252 1208 1316 alia,

595 1454 625 1519 6.
668 1455 785 1536 Κύλιξ

171 1631 187 1672 a
211 1613 339 1672 rotunda
359 1609 454 1670 iorrna
477 1627 582 1670 nornen
606 1609 686 1689 tulit,
707 1614 848 1688 nocteque
869 1611 1030 1672 atheneus
1048 1601 1208 1691 p.480‚n:

174 1729 293 1805 Ταῦτα,
315 1730 423 1808 inquii,
447 1725 511 1791 doni
528 1727 670 1810 κεράμεα
685 1727 824 1813 ποτήρια
844 1732 899 1792 καί
919 1729 1048 1808 λίγειαι
1069 1723 1137 1792 dud
1157 1727 1212 1792 τοῦ

172 1849 344 1913 κυλίεσθαι
360 1847 523 1935 αχίτρόχῳ.
568 1845 670 1908 Pollux
694 1847 867 1924 poculorum
890 1832 1008 1908 norni'nn
1031 1863 1210 1908 enumerans

172 1966 242 2046 (Vi,
264 1963 337 2043 95),
372 1963 429 2051 τῆν
450 1965 564 2031 κύλικα
585 1966 681 2043 primo
703 1965 768 2024 ioco
792 1968 884 2044 ponii,
908 1970 971 2026 ium
993 1967 1209 2026 deminuiirnm

172 2084 327 2168 κυλίσκην·
350 2085 419 2145 aiibi
436 2083 596 2147 κυλίσκιυν
610 2076 719 2154 (98)υί
741 2082 881 2147 κυλίκιον
903 2082 1022 2160 legitur.
1056 2083 1211 2166 Κυλίχνην

173 2204 288 2264 dixerut
308 2203 427 2264 Aicaeus
447 2221 494 2280 ap.
519 2201 589 2262 nith.
611 2193 685 2275 481,
707 2216 742 2282 a3
775 2197 939 2280 κυλιχνίδα
961 2200 1090 2262 Achaeus
1112 2200 1210 2262 Ereir.

171 2315 246 2401 480,
258 2321 278 2385 i.
307 2322 378 2382 Hac
389 2329 488 2382 tamen
496 2320 555 2380 duo
567 2318 743 2397 pierumque
755 2337 813 2380 nou
826 2318 932 2396 poenis
943 2323 1038 2401 erant,
1046 2321 1110 2394 sed,
1123 2338 1207 2397 oper·

173 2441 243 2502 euio
266 2444 298 2501 ui
319 2441 426 2518 opinor
449 2440 605 2510 instructa,
633 2443 685 2498 aut
700 2432 856 2520 ὅψοφόρα
872 2431 997 2516 ἁγνεία,
1020 2443 1053 2500 ui
1074 2456 1122 2517 ap.
1136 2437 1209 2500 Poii.

174 2559 216 2635 Χ,
237 2554 297 2637 88,
326 2559 377 2636 qni
400 2559 473 2618 citat
493 2555 702 2634 Aristophanis
724 2555 830 2617 verbat
863 2553 898 2620 od
920 2552 955 2620 δ’
975 2555 1064 2631 ἔτνος
1085 2552 1121 2618 ἐν
1142 2564 1211 2629 ταῖς

174 2677 335 2758 κυλίχναις
356 2679 439 2742 rossi
459 2669 586 2756 θερμὸν
612 2676 666 2736 καὶ
693 2677 775 2738 wod
795 2673 984 2758 παφλάζυν,
1012 2679 1065 2736 aui
1087 2672 1210 2753 pyxides

174 2802 260 2858 orani
281 2815 298 2857 a
320 2796 444 2856 modieis
461 2798 631 2872 usurpatae,
653 2797 687 2853 ui
698 2792 800 2854 Galen.
812 2794 859 2855 lex
870 2793 1027 2872 Hippoor.:
1046 2788 1211 2872 κυλιχνίδα

174 2910 311 2999 σμικρἂν
331 2911 445 2978 κύλικα
466 2915 522 2975 καὶ
542 2907 684 2994 ἰατρικὴν
704 2911 884 2994 πιθακνην·
925 2911 999 2972 rou.
1022 2908 1074 2988 vl,
1094 2901 1156 2974 98:
1191 2903 1211 2990 ἦ

172 3034 309 3114 κυλιχνῖς
331 3034 393 3107 (sio
414 3035 496 3092 recta
517 3030 753 3108 langermannus
774 3049 827 3108 pro
849 3027 1008 3110 κυλίχνας)
1030 3031 1120 3106 πυξίς
1136 3025 1210 3090 ἐστι·

172 3153 243 3214 Atn.
265 3145 339 3227 480,
362 3165 396 3213 c:
427 3143 600 3234 Ἀθηναῒυι
628 3147 664 3212 δὲ
691 3152 746 3212 καὶ
770 3145 827 3232 τὴν
847 3142 990 3232 ίατρικῆν
1010 3145 1128 3224 πυξίδα
1150 3169 1208 3210 κα-

120 3323 127 3331 ,
173 3271 262 3358 λυῦυι
283 3266 429 3334 κυλικίδα
451 3273 501 3338 (au
524 3264 740 3346 κυλιχνίδαί),
773 3262 829 3330 διὰ
856 3262 891 3331 τὸ
921 3267 964 3354 τῷ
991 3265 1092 3350 τόρνῳ
1118 3286 1209 3328 κεκυ-

173 3388 300 3452 λίσθαι.
352 3387 416 3448 Hoc
437 3403 528 3448 sensu
551 3386 661 3462 legitur
683 3385 761 3462 apud
782 3385 935 3463 Aristoph.
958 3385 1014 3462 Eq.
1036 3380 1116 3444 906:
1149 3379 1210 3463 ίχυλ

175 3505 212 3568 δὲ
233 3504 392 3588 κυλίχνιόν
412 3508 452 3586 ri
471 3521 521 3569 σοι
542 3507 597 3567 καί
618 3502 793 3588 φάρμακον
814 3500 937 3584 δίδωμι.
980 3501 1208 3581 liuiuspyxidis

172 3624 297 3685 formam
320 3629 485 3685 monstrare
507 3623 604 3683 conati
617 3621 747 3684 Panoika
771 3620 823 3695 [R.
837 3619 888 3698 lV,
899 3615 957 3693 69)
987 3624 1018 3680 et
1040 3619 1210 3681 Gerhardus

173 3741 267 3819 (Rap.
293 3761 321 3804 n.
332 3739 398 3820 51)
409 3744 474 3803 iure
487 3759 544 3802 non
557 3739 766 3801 satisfecerunt
776 3738 942 3799 Leinonnio
960 3744 1006 3818 (p.
1018 3733 1093 3816 609,
1115 3739 1210 3815 noi.);

67 3850 70 3854 ’
174 3877 242 3919 nam
264 3879 280 3920 a
304 3861 404 3922 caliois
427 3859 519 3920 forma
541 3875 665 3938 prorsus
686 3857 833 3919 abierunt.

261 3975 355 4058 Κύλιξ
382 3979 460 4057 apud
483 3977 645 4038 Homerum
675 3981 706 4037 ei
728 3975 891 4038 Hesiodum
921 3995 978 4038 non
1001 3977 1124 4057 iegitur3
1158 3978 1208 4037 sed

174 4096 252 4174 apud
268 4096 468 4157 Athenienses
487 4113 610 4173 prorsus
624 4095 745 4171 vulgare
767 4095 904 4173 poeninon
927 4100 983 4169 osi,
996 4113 1065 4176 ¹quo
1088 4097 1117 4154 in
1140 4111 1210 4154 oon-
