2888 4576
615 173 618 183 =
661 230 722 298 111

264 429 339 494 Cum
361 431 417 493 hac
439 431 541 492 turmo
563 432 776 512 descriptione.
791 435 909 513 egregie
941 438 1121 498 conveniunt
1147 455 1214 500 vasa

177 550 312 629 quodam
336 549 438 611 Volcis
459 552 591 625 iurante,
613 567 671 612 uua
694 551 781 630 longa
802 569 875 614 ausa
902 553 1058 636 instructa,
1091 571 1117 616 v.
1141 553 1214 616 Ger-

176 667 259 730 hard.
282 667 358 748 Rap.
379 663 433 746 34,
454 663 515 747 353
542 667 602 730 Uli.
625 667 662 729 R.
684 663 736 730 28.
779 655 871 731 Ac'si
899 687 1001 731 verum
1030 672 1215 734 tradiderunt

165 764 372 864 'grammatica
395 786 453 846 hoo
474 803 566 848 nuum
590 802 696 846 nomeu
720 803 786 847 esse
807 787 1214 873 orationemementote,

175 907 267 980 patet,
289 905 380 964 etiam
402 904 460 965 alia
481 904 573 964 multa
596 905 639 964 sic
667 904 841 982 appellanda
869 923 952 983 esse,
985 910 1019 966 ut
1047 906 1212 986 frequentia

175 1020 226 1082 illa
248 1020 378 1098 vascula,
401 1039 468 1100 quae
490 1022 624 1098 eorporis
646 1020 756 1082 hahent
777 1020 947 1083 inferiorem
969 1015 1213 1102 partem'louiter

173 1139 430 1218 intumescentem,
453 1140 588 1216 quamvis
611 1139 732 1199 minime
753 1139 835 1199 labro
862 1141 971 1200 similia
999 1142 1068 1205 sint.
1090 1173 1133 1187 —
1155 1141 1212 1204 Ce-

172 1261 270 1316 terum
293 1256 442 1334 quomodo
465 1253 747 1338 Pauoika(lV,50;
769 1255 823 1335 ill,
835 1252 894 1330 51)
905 1275 974 1318 vasa
992 1259 1108 1322 dnobus
1130 1263 1210 1323 ansis

171 1376 328 1446 instructa,
361 1372 531 1435 Gerhardns
551 1377 651 1462 autem
679 1374 771 1454 (Rap.
791 1371 847 1448 54)
880 1375 1039 1454 ampullam
1072 1375 1131 1440 hnc
1163 1396 1210 1440 rc·

173 1490 253 1552 terre
275 1493 416 1572 potuerit,
440 1509 538 1570 nemo,
560 1496 596 1553 ut
617 1493 733 1570 opinor,
756 1492 905 1570 iutelligit

573 1757 603 1824 4.
647 1759 808 1838 hochoe
888 1784 903 1858 Ι·

170 1965 297 2026 eundem
319 1961 446 2026 habebat
467 1982 566 2044 usum,
589 1984 677 2044 quem
699 1966 779 2046 apud
802 1969 940 2045 antiquos
962 1963 1112 2027 Romanos
1135 1968 1205 2027 sim·

169 2085 284 2163 pulum,
307 2083 385 2163 quod
409 2082 504 2144 Varro
525 2082 580 2157 (V,
596 2077 674 2156 124)
696 2084 807 2144 dictum
829 2086 925 2166 putat,
948 2084 1027 2160 quod
1050 2102 1085 2144 eo
1106 2077 1207 2145 sume-

103 2225 104 2228 *
169 2207 237 2263 rent
258 2201 437 2262 minutatim.
481 2199 632 2262 Pollucem
653 2201 779 2262 vidimus
791 2199 859 2278 (Vl,
874 2195 929 2272 19)
942 2200 1088 2291 ¹cyathum
1112 2203 1207 2260 uomi-

169 2338 242 2381 uare
262 2321 341 2380 iuter
363 2337 398 2378 ea
421 2319 529 2398 quihus
551 2319 688 2380 hauritur
710 2321 828 2406 vinnm,
861 2317 961 2378 Schol.
983 2318 1019 2376 ad
1047 2317 1100 2379 Ar.
1126 2318 1202 2378 Aah.

170 2432 253 2497 1053
273 2434 462 2518 κοχλεάριον
484 2438 712 2516 interpretatum
743 2437 905 2496 Athenaeus
926 2434 967 2514 X,
989 2419 1053 2494 42'4
1086 2431 1204 2518 α’ντλη-

168 2555 257 2638 ιῆραΙ
281 2571 348 2615 esso
381 2554 486 2634 prohat
517 2555 707 2632 antiquorum
741 2554 893 2634 exemplis.
949 2553 1091 2615 Poterant
1120 2555 1204 2632 plura

168 2673 236 2732 addi
258 2673 384 2733 maximo
406 2691 442 2734 ex
464 2671 589 2732 Horatio
611 2671 738 2750 aliisque
760 2672 875 2735 Latinis
907 2672 1118 2752 scriptoribus,
1154 2671 1205 2733 sed

168 2789 241 2850 nihil
263 2807 338 2869 opus
360 2791 458 2851 estin
481 2794 540 2852 tam
563 2795 632 2851 uota
645 2808 687 2852 re.
718 2789 821 2852 Refert
841 2795 940 2852 antem
962 2790 1109 2869 duplicem
1129 2792 1204 2848 tem·

166 2908 290 2985 peraudi
308 2909 370 2968 viui
389 2910 533 2970 rationem
552 2908 752 2990 distinguere3
776 2928 843 2972 uam
862 2910 913 2970 nbi
931 2909 961 2970 iu
975 2911 1090 2970 cratera
1103 2908 1204 2968 vinum

166 3026 292 3086 mixtum
315 3031 389 3102 erat,
411 3029 503 3104 guttis
525 3027 594 3087 iude
626 3028 756 3107 impletis
790 3028 820 3087 iu
852 3027 958 3105 pocula
992 3023 1203 3098 iulnudebuut;

167 3142 220 3204 sed
243 3143 294 3204 uhi
315 3144 345 3204 iu
368 3144 492 3223 siugulis
515 3145 628 3225 poculis
652 3145 877 3224 temperandum
898 3148 972 3223 erat,
994 3144 1110 3224 cyathis
1134 3138 1202 3203 'me-

167 3278 235 3321 rum
255 3260 386 3322 libabant
407 3263 452 3340 (v.
474 3261 525 3325 Ps.
548 3264 658 3325 Ascua.
679 3263 716 3323 ad
741 3263 824 3325 Vera.
845 3263 870 3343 l,
893 3264 916 3338 §
937 3257 1007 3342 66),
1028 3266 1059 3323 et
1072 3261 1129 3322 hoc
1146 3265 1203 3338 est,

166 3385 200 3438 nt
222 3380 338 3460 opinor,
360 3381 579 3457 κυαθίζεσθαι
600 3380 686 3454 (Ath.
708 3375 782 3458 482,
804 3381 849 3454 h).

250 3496 283 3557 lu
306 3496 362 3558 hec
384 3515 417 3557 re
437 3499 558 3560 ludendi
579 3501 703 3560 materia
724 3503 798 3578 erat,
820 3497 901 3560 velut
924 3485 1016 3582 quum
1037 3498 1074 3558 ad
1097 3513 1203 3557 unme-

164 3633 231 3676 rum
252 3614 429 3694 litterarum,
452 3635 525 3696 quas
547 3617 717 3678 continebat
738 3621 842 3678 amatae
863 3615 970 3696 puellm
989 3624 1108 3688 nomeu,
1130 3631 1202 3692 cya-

164 3733 285 3794 thorum
308 3752 463 3796 numerum
486 3735 757 3811 accommodabant,
780 3739 813 3798 nt
834 3736 863 3794 in
888 3734 937 3794 illo
965 3732 1110 3796 Martialis
1132 3733 1201 3810 cpi-

162 3857 324 3928 grammate
347 3853 386 3933 (l,
409 3847 485 3926 722:

249 3969 349 4032 Naevia
371 3989 423 4032 sex
445 3973 568 4052 cyathis,
592 3979 706 4053 septem
728 3971 839 4034 lustina
863 3971 991 4050 hibetur,

291 4086 433 4166 Quinque
455 4089 561 4170 Lycas,
585 4091 668 4170 Lyde
690 4098 841 4169 quattuor,
866 4088 915 4150 lde
939 4090 1050 4169 trihus,
