2876 4580
615 215 835 316 ΔΞ...

214 434 323 504 lentem
347 432 375 490 in
399 429 511 505 tragica
533 429 596 486 arte
618 423 688 501 (Ep.
712 415 869 500 i,3,14).
914 417 990 497 Que
1014 423 1112 480 omnia
1135 422 1161 479 si
1184 420 1252 497 qiris

114 591 115 594 =
215 552 251 612 ad
273 544 405 610 sonitum
431 549 464 606 et
489 543 652 620 singultum
679 539 816 619 ampullae
844 537 949 598 reterri
976 554 1066 615 posse
1091 538 1252 616 putaverit,

215 684 307 747 quum
330 668 359 727 in
382 665 456 743 ipsis
477 662 569 738 locis,
602 676 678 737 quos
699 658 872 737 citavimus,
905 655 997 718 multa
1019 655 1153 733 obstant,
1188 661 1252 715 tum

216 785 320 846 eadem
342 784 439 859 imago
452 780 527 842 ,aliis
549 777 649 840 verbis
670 792 810 853 expressa
826 793 873 853 ap.
886 743 1058 836 Ciceronem
1069 775 1107 834 ad
1119 774 1253 835 Atticum

217 901 255 980 ll,
276 896 307 978 l,
321 897 356 960 l:
380 892 926 980 „Meusautemlibertotumlsocrati
948 889 1252 976 μοροθήκιονοληιιο
1344 897 1349 914 ‘

217 1035 322 1079 omues
344 1019 410 1078 eius
430 1014 642 1093 discipulorum
664 1011 780 1072 arculas
808 1028 843 1070 ao
868 1009 1001 1070 nonnihil
1025 1011 1115 1070 etiam
1136 1008 1255 1069 Aristo·

219 1137 289 1198 tolia
302 1136 454 1214 pigmenta
476 1129 688 1208 consumpsit.'’
701 1161 740 1176 -
754 1127 894 1188 Fortasse
906 1129 994 1190 ctiam
1007 1129 1036 1187 in
1049 1127 1105 1189 hoo
1117 1126 1254 1188 vocabuli

220 1271 277 1315 usu
288 1252 360 1313 lusit
370 1252 483 1331 aliquid
494 1248 708 1327 Aristophanes
721 1249 750 1305 in
764 1247 865 1326 lienis,
887 1264 915 1306 v.
935 1240 1106 1324 1200sqq,
1130 1245 1256 1311 ubiEu-
1337 1311 1341 1314 ,

220 1371 325 1450 ripidis
357 1370 495 1448 prologos
527 1371 562 1428 ut
595 1367 682 1426 nimis
710 1365 859 1424 communi
888 1366 920 1423 et
955 1364 1086 1442 pedestri
1120 1379 1257 1422 sermono

221 1490 403 1567 compositos
426 1487 677 1566 reprehensurus,
710 1484 749 1542 ita
773 1481 943 1560 cavillatur,
976 1485 1010 1542 nt
1036 1481 1164 1542 orationi
1188 1481 1257 1539 eius

221 1624 340 1684 semper
360 1606 514 1666 adnectat:
541 1601 699 1684 ληκύθιον
721 1595 901 1673 dunilense,
934 1600 1018 1676 quasi
1047 1603 1136 1678 poeta
1159 1613 1257 1657 meras

223 1724 344 1802 lodices,
367 1720 522 1799 ampullas,
547 1737 632 1799 peras
652 1723 787 1796 creparet
801 1705 852 1790 x[v.
876 1711 992 1795 1203);
1015 1734 1083 1776 uam
1106 1715 1258 1792 vulgarem

222 1839 380 1901 admodum
392 1855 455 1898 rem
467 1841 498 1897 et
510 1837 575 1896 vilis
586 1838 673 1914 pretii
685 1834 778 1896 luisse
799 1834 855 1918 την
865 1833 1020 1918 λη’κνθον,
1041 1834 1168 1894 vidimus
1186 1851 1214 1910 p.
1224 1827 1259 1892 8.

223 1956 422 2018 celeberrima
451 1954 513 2014 hac
541 1953 747 2031 Aristophanis
775 1952 922 2013 cavillatio
945 1953 1061 2012 videtur
1092 1969 1182 2012 causa
1211 1948 1260 2010 lu·

225 2075 295 2152 isse,
315 2089 370 2133 our
381 2089 486 2133 versus
497 2072 623 2132 dimeter
640 2071 808 2131 trochaicus
831 2070 1021 2131 catalecticus
1033 2087 1154 2129 —nam
1176 2073 1261 2128 tanta

224 2209 293 2271 pers
316 2206 418 2252 versus
440 2190 476 2250 ab
490 2163 689 2267 Aristophane
701 2188 864 2248 absciditur
885 2188 984 2248 verbis
1006 2188 1081 2250 illies
1103 2185 1263 2269 ληκύθιον

225 2305 392 2373 ἀπώλεσεν
413 2339 455 2352 -—
480 2311 512 2367 et
537 2307 600 2384 ipse
621 2303 779 2388 ληκύθιον
801 2305 934 2367 dicentur
958 2305 1114 2380 (v.Schol.
1136 2300 1172 2365 ad
1197 2303 1261 2364 lle-

225 2427 330 2504 phaest
356 2445 386 2504 p.
409 2419 453 2484 34
474 2422 592 2496 Gaisl.].
676 2429 683 2434 “

310 2541 474 2603 Gestabant
496 2540 639 2617 ampullas
662 2540 698 2600 de
720 2541 817 2602 balteo
832 2557 1004 2619 suspensas,
1027 2557 1083 2600 nec
1105 2539 1200 2600 solum
1223 2487 1271 2599 nd⁹

226 2659 286 2720 olei
308 2677 407 2737 usum,
429 2657 480 2718 sed
503 2659 592 2718 etiam
613 2660 718 2717 veneni
740 2663 785 2731 (v.
805 2658 887 2720 Suid.
910 2656 1090 2741 ληκύθιον).
1133 2651 1262 2717 Etllar-

227 2778 380 2854 pocration
402 2775 525 2854 quidem
549 2783 593 2846 (v.
615 2769 843 2858 αύοολήκοθοι)
873 2777 962 2848 etiam
991 2783 1139 2836 crumenae
1167 2773 1263 2834 vicem

228 2895 402 2973 praestitisse
423 2893 528 2954 tradit:
562 2895 616 2956 κοιλ
641 2888 705 2972 γὰρ
732 2893 818 2974 εἶχον
840 2890 877 2957 ἓν
898 2904 967 2968 ταῖς
987 2893 1141 2976 ληκύθοις
1162 2889 1262 2974 ciprii-

197 3002 200 3006 ’
229 3033 309 3094 prov.
344 3011 402 3072 Sed
412 3011 510 3072 omnis
524 3010 669 3071 eiusmodi
683 2985 754 3072 usus
766 3013 886 3070 minime
898 3011 1037 3089 proprius
1048 3009 1114 3091 fuit,
1127 3028 1185 3070 non
1198 3027 1264 3069 ma·

229 3131 274 3206 gis
297 3131 434 3207 quamsi
457 3130 524 3206 quis
546 3130 685 3208 vinosus,
717 3133 752 3189 nt
777 3147 815 3188 ne
842 3130 872 3188 in
900 3129 1017 3190 theatro
1045 3130 1164 3206 quidem
1193 3128 1264 3187 vino

228 3251 361 3322 cureret,
389 3247 539 3324 ingentem
562 3247 721 3325 ampullam
742 3248 803 3307 vini
825 3245 941 3325 plenam
960 3265 1061 3307 secum
1082 3243 1197 3323 habuit,
1230 3249 1266 3305 ut

229 3380 278 3442 ap.
301 3362 375 3426 Poll.
387 3363 429 3442 X,
441 3359 482 3424 97
499 3363 536 3426 ir.
558 3363 782 3442 Aristophanis:
804 3363 948 3447 λήκυθον
962 3360 1017 3448 νην
1037 3361 1266 3438 ἑπτακόννλον,

229 3477 286 3564 τὴν
303 3483 471 3563 χοοραύαν,
502 3477 558 3566 τὴν
584 3481 700 3567 καλήν,
733 3482 773 3565 ἢν
794 3479 956 3566 ἐφερόμην
983 3476 1024 3549 ἵν’
1054 3479 1157 3564 ἔχοιμι
1188 3497 1266 3545 ουν-

229 3598 401 3682 decimante-

316 3715 455 3778 Ceterum
467 3735 504 3778 ex
521 3719 603 3778 omni
619 3717 680 3780 lere
702 3719 826 3779 materia
847 3717 958 3778 fiebant
978 3717 1116 3795 ampullae
1130 3716 1268 3792 oleariae,

232 3850 269 3893 er
289 3833 393 3910 argilla
415 3839 467 3909 (ut
480 3851 536 3912 sp.
554 3835 627 3896 Poll.
642 3835 682 3914 X,
694 3830 752 3907 67)
775 3835 929 3913 permultae
940 3835 976 3895 ad
989 3852 1043 3894 nos
1056 3837 1269 3912 pervenerunt,

231 3950 269 4011 de
291 3949 399 4028 quihus
427 3955 546 4031 postea,
580 3969 616 4011 ex
637 3969 710 4012 auro
732 3957 762 4010 et
783 3956 907 4028 argento
932 3953 1061 4013 vidimus
1090 3953 1119 4011 in
1141 3949 1267 4010 Homeri

164 4057 166 4062 ’
233 4075 263 4126 et
273 4065 409 4128 Athenaei
430 4065 520 4128 louis:
554 4085 678 4130 aeneum
696 4071 777 4129 estat
799 4070 1027 4130 instrumentum
1050 4067 1270 4130 balneatorium
