<?xml version="1.0" encoding="UTF-8"?>
<!DOCTYPE html PUBLIC "-//W3C//DTD XHTML 1.0 Transitional//EN"
    "http://www.w3.org/TR/xhtml1/DTD/xhtml1-transitional.dtd">
<html xmlns="http://www.w3.org/1999/xhtml" xml:lang="en" lang="en">
 <head>
  <title>
</title>
<meta http-equiv="Content-Type" content="text/html;charset=utf-8" />
  <meta name='ocr-system' content='tesseract 3.04.00' />
  <meta name='ocr-capabilities' content='ocr_page ocr_carea ocr_par ocr_line ocrx_word'/>
</head>
<body>
  <div class='ocr_page' id='page_1' title='image "./denominibusvaso01ussigoog_0175.png"; bbox 0 0 2888 4576; ppageno 0'>
   <div class='ocr_carea' id='block_1_1' title="bbox 583 247 812 350">
    <p class='ocr_par' dir='ltr' id='par_1_1' title="bbox 583 247 812 350">
     <span class='ocr_line' id='line_1_1' title="bbox 583 247 812 350; baseline -0.009 0"><span class='ocrx_word' id='word_1_1' title='bbox 583 247 812 350; x_wconf 52' lang='lat' dir='ltr'>Q...</span> 
     </span>
    </p>
   </div>
   <div class='ocr_carea' id='block_1_2' title="bbox 81 451 1312 521">
    <p class='ocr_par' dir='ltr' id='par_1_2' title="bbox 81 451 1312 521">
     <span class='ocr_line' id='line_1_2' title="bbox 81 451 1312 521; baseline -0.007 -12"><span class='ocrx_word' id='word_1_2' title='bbox 81 466 85 475; x_wconf 78' lang='grc'><em>“</em></span> <span class='ocrx_word' id='word_1_3' title='bbox 174 455 359 521; x_wconf 73' lang='lat' dir='ltr'>prodientibus.</span> <span class='ocrx_word' id='word_1_4' title='bbox 398 454 474 516; x_wconf 80' lang='lat' dir='ltr'>erod</span> <span class='ocrx_word' id='word_1_5' title='bbox 491 466 531 517; x_wconf 91' lang='lat' dir='ltr'>sp.</span> <span class='ocrx_word' id='word_1_6' title='bbox 551 453 627 504; x_wconf 86' lang='lat' dir='ltr'>Gerlr.</span> <span class='ocrx_word' id='word_1_7' title='bbox 645 453 709 515; x_wconf 83' lang='lat' dir='ltr'>llap.</span> <span class='ocrx_word' id='word_1_8' title='bbox 728 451 763 504; x_wconf 80' lang='grc'>43</span> <span class='ocrx_word' id='word_1_9' title='bbox 783 457 910 514; x_wconf 88' lang='lat' dir='ltr'>spectatur</span> <span class='ocrx_word' id='word_1_10' title='bbox 928 466 972 504; x_wconf 82' lang='lat' dir='ltr'>ras</span> <span class='ocrx_word' id='word_1_11' title='bbox 989 466 1093 517; x_wconf 83' lang='lat' dir='ltr'>procero</span> <span class='ocrx_word' id='word_1_12' title='bbox 1110 467 1216 520; x_wconf 79' lang='lat' dir='ltr'>corporo</span> <span class='ocrx_word' id='word_1_13' title='bbox 1308 491 1312 500; x_wconf 88' lang='lat'>.</span> 
     </span>
    </p>
   </div>
   <div class='ocr_carea' id='block_1_3' title="bbox 174 555 1219 2146">
    <p class='ocr_par' dir='ltr' id='par_1_3' title="bbox 175 555 747 621">
     <span class='ocr_line' id='line_1_3' title="bbox 175 555 747 621; baseline -0.003 -11"><span class='ocrx_word' id='word_1_14' title='bbox 175 559 313 611; x_wconf 75' lang='lat' dir='ltr'>carchesiis</span> <span class='ocrx_word' id='word_1_15' title='bbox 331 571 408 621; x_wconf 89' lang='lat' dir='ltr'>quam</span> <span class='ocrx_word' id='word_1_16' title='bbox 427 555 552 608; x_wconf 81' lang='lat' dir='ltr'>cantharis</span> <span class='ocrx_word' id='word_1_17' title='bbox 570 555 683 605; x_wconf 89' lang='lat' dir='ltr'>similius</span> <span class='ocrx_word' id='word_1_18' title='bbox 700 559 747 608; x_wconf 89' lang='lat' dir='ltr'>est.</span> 
     </span>
    </p>

    <p class='ocr_par' dir='ltr' id='par_1_4' title="bbox 174 657 1217 925">
     <span class='ocr_line' id='line_1_4' title="bbox 245 657 1217 724; baseline 0 -14"><span class='ocrx_word' id='word_1_19' title='bbox 245 662 270 712; x_wconf 88' lang='lat' dir='ltr'>b.</span> <span class='ocrx_word' id='word_1_20' title='bbox 305 659 422 711; x_wconf 75' lang='lat' dir='ltr'>Alterum</span> <span class='ocrx_word' id='word_1_21' title='bbox 441 669 522 719; x_wconf 75' lang='lat' dir='ltr'>genus</span> <span class='ocrx_word' id='word_1_22' title='bbox 536 658 600 719; x_wconf 86' lang='lat' dir='ltr'>pede</span> <span class='ocrx_word' id='word_1_23' title='bbox 609 657 715 706; x_wconf 88' lang='lat' dir='ltr'>insistit.</span> <span class='ocrx_word' id='word_1_24' title='bbox 750 657 816 707; x_wconf 89' lang='lat' dir='ltr'>llaro</span> <span class='ocrx_word' id='word_1_25' title='bbox 833 657 939 708; x_wconf 82' lang='lat' dir='ltr'>ruribus</span> <span class='ocrx_word' id='word_1_26' title='bbox 955 658 1108 709; x_wconf 78' lang='lat' dir='ltr'>instructum</span> <span class='ocrx_word' id='word_1_27' title='bbox 1123 664 1170 724; x_wconf 82' lang='lat' dir='ltr'>est,</span> <span class='ocrx_word' id='word_1_28' title='bbox 1189 665 1217 710; x_wconf 91' lang='lat' dir='ltr'>ut</span> 
     </span>
     <span class='ocr_line' id='line_1_5' title="bbox 174 757 1216 825; baseline -0.003 -11"><span class='ocrx_word' id='word_1_29' title='bbox 174 762 311 824; x_wconf 73' lang='lat' dir='ltr'>ooscrplria</span> <span class='ocrx_word' id='word_1_30' title='bbox 327 761 445 823; x_wconf 75' lang='lat' dir='ltr'>quedam</span> <span class='ocrx_word' id='word_1_31' title='bbox 472 759 511 824; x_wconf 85' lang='lat' dir='ltr'>(v.</span> <span class='ocrx_word' id='word_1_32' title='bbox 528 760 590 810; x_wconf 88' lang='lat' dir='ltr'>Pan.</span> <span class='ocrx_word' id='word_1_33' title='bbox 608 759 662 821; x_wconf 90' lang='lat' dir='ltr'>lll,</span> <span class='ocrx_word' id='word_1_34' title='bbox 679 757 742 822; x_wconf 86' lang='lat' dir='ltr'>lii),</span> <span class='ocrx_word' id='word_1_35' title='bbox 769 759 921 822; x_wconf 82' lang='lat' dir='ltr'>plerumque</span> <span class='ocrx_word' id='word_1_36' title='bbox 937 761 1039 822; x_wconf 58' lang='lat' dir='ltr'>niquis</span> <span class='ocrx_word' id='word_1_37' title='bbox 1056 761 1143 825; x_wconf 70' lang='lat' dir='ltr'>ausis,</span> <span class='ocrx_word' id='word_1_38' title='bbox 1168 763 1216 812; x_wconf 86' lang='lat' dir='ltr'>bos</span> 
     </span>
     <span class='ocr_line' id='line_1_6' title="bbox 177 851 556 925; baseline -0.013 -9"><span class='ocrx_word' id='word_1_39' title='bbox 177 851 311 916; x_wconf 76' lang='lat' dir='ltr'>cantharos</span> <span class='ocrx_word' id='word_1_40' title='bbox 330 864 410 912; x_wconf 88' lang='lat' dir='ltr'>luisse</span> <span class='ocrx_word' id='word_1_41' title='bbox 428 867 556 925; x_wconf 88' lang='lat' dir='ltr'>putamus.</span> 
     </span>
    </p>

    <p class='ocr_par' dir='ltr' id='par_1_5' title="bbox 176 961 1219 1841">
     <span class='ocr_line' id='line_1_7' title="bbox 244 961 1217 1028; baseline -0.003 -11"><span class='ocrx_word' id='word_1_42' title='bbox 244 983 271 1018; x_wconf 81' lang='grc' dir='ltr'>α.</span> <span class='ocrx_word' id='word_1_43' title='bbox 305 965 460 1026; x_wconf 73' lang='lat' dir='ltr'>Plerumque</span> <span class='ocrx_word' id='word_1_44' title='bbox 477 973 546 1012; x_wconf 85' lang='lat' dir='ltr'>susa</span> <span class='ocrx_word' id='word_1_45' title='bbox 564 963 638 1024; x_wconf 78' lang='lat' dir='ltr'>longe</span> <span class='ocrx_word' id='word_1_46' title='bbox 654 973 733 1024; x_wconf 86' lang='lat' dir='ltr'>super</span> <span class='ocrx_word' id='word_1_47' title='bbox 750 961 848 1013; x_wconf 76' lang='lat' dir='ltr'>librum</span> <span class='ocrx_word' id='word_1_48' title='bbox 860 969 950 1014; x_wconf 78' lang='lat' dir='ltr'>erecta</span> <span class='ocrx_word' id='word_1_49' title='bbox 963 969 1031 1028; x_wconf 83' lang='lat' dir='ltr'>suut,</span> <span class='ocrx_word' id='word_1_50' title='bbox 1049 965 1143 1026; x_wconf 77' lang='lat' dir='ltr'>pinque</span> <span class='ocrx_word' id='word_1_51' title='bbox 1156 978 1217 1016; x_wconf 86' lang='lat' dir='ltr'>eor-</span> 
     </span>
     <span class='ocr_line' id='line_1_8' title="bbox 177 1063 1216 1131; baseline -0.001 -13"><span class='ocrx_word' id='word_1_52' title='bbox 177 1079 227 1131; x_wconf 86' lang='lat' dir='ltr'>pus</span> <span class='ocrx_word' id='word_1_53' title='bbox 244 1080 295 1118; x_wconf 89' lang='lat' dir='ltr'>uon</span> <span class='ocrx_word' id='word_1_54' title='bbox 314 1067 370 1116; x_wconf 82' lang='lat' dir='ltr'>sine</span> <span class='ocrx_word' id='word_1_55' title='bbox 388 1076 465 1116; x_wconf 82' lang='lat' dir='ltr'>eausa</span> <span class='ocrx_word' id='word_1_56' title='bbox 482 1065 581 1115; x_wconf 81' lang='lat' dir='ltr'>Baoolro</span> <span class='ocrx_word' id='word_1_57' title='bbox 598 1064 753 1129; x_wconf 82' lang='lat' dir='ltr'>udamslum,</span> <span class='ocrx_word' id='word_1_58' title='bbox 771 1063 1044 1118; x_wconf 76' lang='lat' dir='ltr'>v.Gerlr.1Jltli.2l.</span> <span class='ocrx_word' id='word_1_59' title='bbox 1080 1066 1216 1118; x_wconf 72' lang='lat' dir='ltr'>Crescente</span> 
     </span>
     <span class='ocr_line' id='line_1_9' title="bbox 176 1165 1216 1231; baseline -0.004 -10"><span class='ocrx_word' id='word_1_60' title='bbox 176 1175 233 1220; x_wconf 77' lang='lat' dir='ltr'>erto</span> <span class='ocrx_word' id='word_1_61' title='bbox 255 1181 299 1220; x_wconf 84' lang='lat' dir='ltr'>vss</span> <span class='ocrx_word' id='word_1_62' title='bbox 321 1167 452 1231; x_wconf 78' lang='lat' dir='ltr'>procerius</span> <span class='ocrx_word' id='word_1_63' title='bbox 477 1167 506 1216; x_wconf 88' lang='lat' dir='ltr'>flt</span> <span class='ocrx_word' id='word_1_64' title='bbox 531 1171 556 1216; x_wconf 89' lang='lat' dir='ltr'>et</span> <span class='ocrx_word' id='word_1_65' title='bbox 578 1165 707 1230; x_wconf 78' lang='lat' dir='ltr'>qruoilirrs,</span> <span class='ocrx_word' id='word_1_66' title='bbox 735 1177 803 1216; x_wconf 82' lang='lat' dir='ltr'>unsa</span> <span class='ocrx_word' id='word_1_67' title='bbox 828 1169 958 1217; x_wconf 78' lang='lat' dir='ltr'>tenuiores</span> <span class='ocrx_word' id='word_1_68' title='bbox 984 1168 1111 1217; x_wconf 71' lang='lat' dir='ltr'>firmitatis</span> <span class='ocrx_word' id='word_1_69' title='bbox 1139 1181 1216 1219; x_wconf 84' lang='lat' dir='ltr'>esusr</span> 
     </span>
     <span class='ocr_line' id='line_1_10' title="bbox 176 1245 1217 1332; baseline -0.001 -11"><span class='ocrx_word' id='word_1_70' title='bbox 176 1269 293 1322; x_wconf 71' lang='lat' dir='ltr'>transtris</span> <span class='ocrx_word' id='word_1_71' title='bbox 310 1268 463 1332; x_wconf 78' lang='lat' dir='ltr'>quibusdum</span> <span class='ocrx_word' id='word_1_72' title='bbox 481 1267 593 1329; x_wconf 84' lang='lat' dir='ltr'>obliquis</span> <span class='ocrx_word' id='word_1_73' title='bbox 615 1245 772 1318; x_wconf 65' lang='lat' dir='ltr'>muniuntur.</span> <span class='ocrx_word' id='word_1_74' title='bbox 817 1267 952 1330; x_wconf 73' lang='lat' dir='ltr'>Exemplar</span> <span class='ocrx_word' id='word_1_75' title='bbox 966 1267 1080 1320; x_wconf 77' lang='lat' dir='ltr'>Atticum</span> <span class='ocrx_word' id='word_1_76' title='bbox 1099 1285 1122 1320; x_wconf 87' lang='grc' dir='ltr'>ι.</span> <span class='ocrx_word' id='word_1_77' title='bbox 1131 1270 1217 1321; x_wconf 79' lang='lat' dir='ltr'>l‘our-</span> 
     </span>
     <span class='ocr_line' id='line_1_11' title="bbox 176 1369 1216 1434; baseline -0.004 -10"><span class='ocrx_word' id='word_1_78' title='bbox 176 1371 242 1424; x_wconf 75' lang='lat' dir='ltr'>tries</span> <span class='ocrx_word' id='word_1_79' title='bbox 250 1371 277 1421; x_wconf 78' lang='lat'>7.</span> <span class='ocrx_word' id='word_1_80' title='bbox 305 1371 405 1431; x_wconf 77' lang='lat' dir='ltr'>Magna</span> <span class='ocrx_word' id='word_1_81' title='bbox 416 1370 547 1430; x_wconf 79' lang='lat' dir='ltr'>elegantia</span> <span class='ocrx_word' id='word_1_82' title='bbox 556 1374 617 1418; x_wconf 86' lang='lat' dir='ltr'>suut</span> <span class='ocrx_word' id='word_1_83' title='bbox 625 1369 705 1419; x_wconf 78' lang='lat' dir='ltr'>italici</span> <span class='ocrx_word' id='word_1_84' title='bbox 714 1370 835 1434; x_wconf 84' lang='lat' dir='ltr'>canthari,</span> <span class='ocrx_word' id='word_1_85' title='bbox 848 1383 956 1431; x_wconf 87' lang='lat' dir='ltr'>quorum</span> <span class='ocrx_word' id='word_1_86' title='bbox 967 1383 1060 1432; x_wconf 88' lang='lat' dir='ltr'>corpus</span> <span class='ocrx_word' id='word_1_87' title='bbox 1069 1384 1118 1422; x_wconf 92' lang='lat' dir='ltr'>uon</span> <span class='ocrx_word' id='word_1_88' title='bbox 1130 1373 1216 1421; x_wconf 90' lang='lat' dir='ltr'>minus</span> 
     </span>
     <span class='ocr_line' id='line_1_12' title="bbox 178 1441 1218 1536; baseline -0.001 -13"><span class='ocrx_word' id='word_1_89' title='bbox 178 1486 255 1536; x_wconf 87' lang='lat' dir='ltr'>quom</span> <span class='ocrx_word' id='word_1_90' title='bbox 274 1477 383 1522; x_wconf 75' lang='lat' dir='ltr'>craterae</span> <span class='ocrx_word' id='word_1_91' title='bbox 401 1469 449 1535; x_wconf 94' lang='lat' dir='ltr'>(ll,</span> <span class='ocrx_word' id='word_1_92' title='bbox 467 1470 497 1532; x_wconf 79' lang='lat'>23</span> <span class='ocrx_word' id='word_1_93' title='bbox 508 1441 541 1532; x_wconf 76' lang='lat' dir='ltr'>p.</span> <span class='ocrx_word' id='word_1_94' title='bbox 555 1469 603 1532; x_wconf 82' lang='lat'>88)</span> <span class='ocrx_word' id='word_1_95' title='bbox 621 1472 712 1520; x_wconf 86' lang='lat' dir='ltr'>tiorum</span> <span class='ocrx_word' id='word_1_96' title='bbox 731 1472 823 1521; x_wconf 88' lang='lat' dir='ltr'>calices</span> <span class='ocrx_word' id='word_1_97' title='bbox 841 1472 985 1536; x_wconf 80' lang='lat' dir='ltr'>imitantur,</span> <span class='ocrx_word' id='word_1_98' title='bbox 1007 1485 1076 1522; x_wconf 66' lang='lat' dir='ltr'>unse</span> <span class='ocrx_word' id='word_1_99' title='bbox 1094 1475 1170 1523; x_wconf 82' lang='lat' dir='ltr'>etiam</span> <span class='ocrx_word' id='word_1_100' title='bbox 1189 1477 1218 1522; x_wconf 92' lang='lat' dir='ltr'>ut</span> 
     </span>
     <span class='ocr_line' id='line_1_13' title="bbox 177 1573 1217 1636; baseline -0.001 -11"><span class='ocrx_word' id='word_1_101' title='bbox 177 1575 264 1624; x_wconf 75' lang='lat' dir='ltr'>caules</span> <span class='ocrx_word' id='word_1_102' title='bbox 285 1574 359 1636; x_wconf 83' lang='lat' dir='ltr'>quasi</span> <span class='ocrx_word' id='word_1_103' title='bbox 383 1573 443 1622; x_wconf 82' lang='lat' dir='ltr'>lolia</span> <span class='ocrx_word' id='word_1_104' title='bbox 460 1573 576 1634; x_wconf 79' lang='lat' dir='ltr'>quedam</span> <span class='ocrx_word' id='word_1_105' title='bbox 589 1573 715 1636; x_wconf 87' lang='lat' dir='ltr'>emittunt,</span> <span class='ocrx_word' id='word_1_106' title='bbox 734 1577 759 1622; x_wconf 89' lang='lat' dir='ltr'>et</span> <span class='ocrx_word' id='word_1_107' title='bbox 776 1573 819 1622; x_wconf 89' lang='lat' dir='ltr'>ubi</span> <span class='ocrx_word' id='word_1_108' title='bbox 838 1574 936 1624; x_wconf 80' lang='lat' dir='ltr'>labrum</span> <span class='ocrx_word' id='word_1_109' title='bbox 954 1575 1080 1636; x_wconf 82' lang='lat' dir='ltr'>attingunt</span> <span class='ocrx_word' id='word_1_110' title='bbox 1098 1575 1217 1624; x_wconf 87' lang='lat' dir='ltr'>immanis</span> 
     </span>
     <span class='ocr_line' id='line_1_14' title="bbox 178 1673 1219 1740; baseline -0.004 -12"><span class='ocrx_word' id='word_1_111' title='bbox 178 1676 305 1738; x_wconf 83' lang='lat' dir='ltr'>capitibus</span> <span class='ocrx_word' id='word_1_112' title='bbox 328 1679 461 1740; x_wconf 89' lang='lat' dir='ltr'>ornantur,</span> <span class='ocrx_word' id='word_1_113' title='bbox 496 1687 519 1724; x_wconf 85' lang='lat' dir='ltr'>v.</span> <span class='ocrx_word' id='word_1_114' title='bbox 544 1673 607 1724; x_wconf 89' lang='lat' dir='ltr'>Pan.</span> <span class='ocrx_word' id='word_1_115' title='bbox 629 1674 708 1724; x_wconf 80' lang='lat' dir='ltr'>licen.</span> <span class='ocrx_word' id='word_1_116' title='bbox 735 1674 779 1738; x_wconf 85' lang='lat' dir='ltr'>lV,</span> <span class='ocrx_word' id='word_1_117' title='bbox 805 1674 853 1738; x_wconf 76' lang='lat'>⁶¹3</span> <span class='ocrx_word' id='word_1_118' title='bbox 879 1673 954 1724; x_wconf 85' lang='lat' dir='ltr'>Gerb.</span> <span class='ocrx_word' id='word_1_119' title='bbox 979 1675 1029 1726; x_wconf 86' lang='lat' dir='ltr'>Ult.</span> <span class='ocrx_word' id='word_1_120' title='bbox 1058 1676 1089 1724; x_wconf 86' lang='lat' dir='ltr'>ll.</span> <span class='ocrx_word' id='word_1_121' title='bbox 1114 1674 1157 1730; x_wconf 77' lang='lat'>2³.</span> <span class='ocrx_word' id='word_1_122' title='bbox 1184 1701 1219 1712; x_wconf 93' lang='lat'>-</span> 
     </span>
     <span class='ocr_line' id='line_1_15' title="bbox 179 1775 1218 1841; baseline -0.003 -12"><span class='ocrx_word' id='word_1_123' title='bbox 179 1777 296 1829; x_wconf 79' lang='lat' dir='ltr'>canthari</span> <span class='ocrx_word' id='word_1_124' title='bbox 314 1775 465 1826; x_wconf 76' lang='lat' dir='ltr'>humiliores</span> <span class='ocrx_word' id='word_1_125' title='bbox 484 1780 509 1824; x_wconf 88' lang='lat' dir='ltr'>et</span> <span class='ocrx_word' id='word_1_126' title='bbox 526 1775 608 1836; x_wconf 73' lang='lat' dir='ltr'>magis</span> <span class='ocrx_word' id='word_1_127' title='bbox 624 1777 740 1838; x_wconf 75' lang='lat' dir='ltr'>depressi</span> <span class='ocrx_word' id='word_1_128' title='bbox 759 1788 782 1826; x_wconf 87' lang='lat' dir='ltr'>v.</span> <span class='ocrx_word' id='word_1_129' title='bbox 792 1775 854 1829; x_wconf 81' lang='lat' dir='ltr'>Pan.</span> <span class='ocrx_word' id='word_1_130' title='bbox 865 1776 909 1841; x_wconf 89' lang='lat' dir='ltr'>lv,</span> <span class='ocrx_word' id='word_1_131' title='bbox 918 1775 966 1841; x_wconf 64' lang='grc' dir='ltr'>θὶς</span> <span class='ocrx_word' id='word_1_132' title='bbox 983 1777 1062 1828; x_wconf 84' lang='lat' dir='ltr'>Gerb.</span> <span class='ocrx_word' id='word_1_133' title='bbox 1074 1777 1218 1827; x_wconf 77' lang='lat' dir='ltr'>llltli.·20.</span> 
     </span>
    </p>

    <p class='ocr_par' dir='ltr' id='par_1_6' title="bbox 174 1877 1219 2146">
     <span class='ocr_line' id='line_1_16' title="bbox 246 1877 1219 1944; baseline 0.004 -17"><span class='ocrx_word' id='word_1_134' title='bbox 246 1883 272 1944; x_wconf 75' lang='grc' dir='ltr'>β.</span> <span class='ocrx_word' id='word_1_135' title='bbox 308 1877 382 1940; x_wconf 80' lang='lat' dir='ltr'>Seps</span> <span class='ocrx_word' id='word_1_136' title='bbox 401 1890 468 1927; x_wconf 68' lang='lat' dir='ltr'>ense</span> <span class='ocrx_word' id='word_1_137' title='bbox 487 1880 568 1939; x_wconf 83' lang='lat' dir='ltr'>ipsam</span> <span class='ocrx_word' id='word_1_138' title='bbox 587 1889 656 1928; x_wconf 88' lang='lat' dir='ltr'>eram</span> <span class='ocrx_word' id='word_1_139' title='bbox 674 1877 827 1944; x_wconf 74' lang='lat' dir='ltr'>attingentes</span> <span class='ocrx_word' id='word_1_140' title='bbox 843 1889 901 1928; x_wconf 87' lang='lat' dir='ltr'>eam</span> <span class='ocrx_word' id='word_1_141' title='bbox 916 1891 1036 1941; x_wconf 73' lang='lat' dir='ltr'>superero</span> <span class='ocrx_word' id='word_1_142' title='bbox 1054 1881 1219 1931; x_wconf 86' lang='lat' dir='ltr'>nonaudent.</span> 
     </span>
     <span class='ocr_line' id='line_1_17' title="bbox 174 1977 1219 2041; baseline 0.001 -11"><span class='ocrx_word' id='word_1_143' title='bbox 174 1979 295 2035; x_wconf 69' lang='lat' dir='ltr'>,Atticum</span> <span class='ocrx_word' id='word_1_144' title='bbox 312 1978 448 2041; x_wconf 78' lang='lat' dir='ltr'>Exemplar</span> <span class='ocrx_word' id='word_1_145' title='bbox 465 1979 565 2030; x_wconf 78' lang='lat' dir='ltr'>cullibet</span> <span class='ocrx_word' id='word_1_146' title='bbox 582 1978 659 2028; x_wconf 83' lang='lat' dir='ltr'>Gcrlr.</span> <span class='ocrx_word' id='word_1_147' title='bbox 676 1979 741 2040; x_wconf 77' lang='lat' dir='ltr'>usp.</span> <span class='ocrx_word' id='word_1_148' title='bbox 758 1977 800 2028; x_wconf 86' lang='grc'>44.</span> <span class='ocrx_word' id='word_1_149' title='bbox 843 1979 1024 2041; x_wconf 81' lang='lat' dir='ltr'>Frequentiora</span> <span class='ocrx_word' id='word_1_150' title='bbox 1048 1987 1109 2031; x_wconf 87' lang='lat' dir='ltr'>sunt</span> <span class='ocrx_word' id='word_1_151' title='bbox 1132 1982 1219 2032; x_wconf 89' lang='lat' dir='ltr'>ltslica</span> 
     </span>
     <span class='ocr_line' id='line_1_18' title="bbox 181 2079 940 2146; baseline 0.001 -16"><span class='ocrx_word' id='word_1_152' title='bbox 181 2083 253 2144; x_wconf 75' lang='lat' dir='ltr'>nigro</span> <span class='ocrx_word' id='word_1_153' title='bbox 272 2082 324 2132; x_wconf 84' lang='lat' dir='ltr'>lere</span> <span class='ocrx_word' id='word_1_154' title='bbox 342 2082 436 2142; x_wconf 87' lang='lat' dir='ltr'>colore,</span> <span class='ocrx_word' id='word_1_155' title='bbox 453 2081 581 2130; x_wconf 82' lang='lat' dir='ltr'>interdurn</span> <span class='ocrx_word' id='word_1_156' title='bbox 597 2081 695 2146; x_wconf 79' lang='lat' dir='ltr'>strietr,</span> <span class='ocrx_word' id='word_1_157' title='bbox 713 2086 742 2130; x_wconf 91' lang='grc' dir='ltr'>ιιι</span> <span class='ocrx_word' id='word_1_158' title='bbox 758 2080 820 2130; x_wconf 89' lang='lat' dir='ltr'>Pan.</span> <span class='ocrx_word' id='word_1_159' title='bbox 834 2080 880 2144; x_wconf 78' lang='lat' dir='ltr'>lv,</span> <span class='ocrx_word' id='word_1_160' title='bbox 902 2079 940 2131; x_wconf 81' lang='lat'>19.</span> 
     </span>
    </p>
   </div>
   <div class='ocr_carea' id='block_1_4' title="bbox 247 2196 1326 2262">
    <p class='ocr_par' dir='ltr' id='par_1_7' title="bbox 247 2196 1326 2262">
     <span class='ocr_line' id='line_1_19' title="bbox 247 2196 1326 2262; baseline 0.006 -18"><span class='ocrx_word' id='word_1_161' title='bbox 247 2197 275 2262; x_wconf 80' lang='lat'>3)</span> <span class='ocrx_word' id='word_1_162' title='bbox 295 2200 410 2261; x_wconf 82' lang='lat' dir='ltr'>Simplex</span> <span class='ocrx_word' id='word_1_163' title='bbox 427 2211 489 2248; x_wconf 89' lang='lat' dir='ltr'>ansa</span> <span class='ocrx_word' id='word_1_164' title='bbox 507 2198 539 2248; x_wconf 90' lang='lat' dir='ltr'>iis</span> <span class='ocrx_word' id='word_1_165' title='bbox 557 2198 668 2248; x_wconf 82' lang='lat' dir='ltr'>vasculis</span> <span class='ocrx_word' id='word_1_166' title='bbox 685 2198 810 2258; x_wconf 83' lang='lat' dir='ltr'>convenit,</span> <span class='ocrx_word' id='word_1_167' title='bbox 828 2196 921 2259; x_wconf 87' lang='lat' dir='ltr'>quibus</span> <span class='ocrx_word' id='word_1_168' title='bbox 942 2198 1054 2260; x_wconf 76' lang='lat' dir='ltr'>liquores</span> <span class='ocrx_word' id='word_1_169' title='bbox 1070 2200 1221 2252; x_wconf 85' lang='lat' dir='ltr'>hauriuntur</span> <span class='ocrx_word' id='word_1_170' title='bbox 1321 2227 1326 2236; x_wconf 88' lang='lat'><strong>·</strong></span> 
     </span>
    </p>
   </div>
   <div class='ocr_carea' id='block_1_5' title="bbox 179 2279 1220 2779">
    <p class='ocr_par' dir='ltr' id='par_1_8' title="bbox 179 2279 1220 2779">
     <span class='ocr_line' id='line_1_20' title="bbox 180 2279 1219 2372; baseline 0.001 -21"><span class='ocrx_word' id='word_1_171' title='bbox 180 2301 362 2366; x_wconf 85' lang='lat' dir='ltr'>etlonduntur,</span> <span class='ocrx_word' id='word_1_172' title='bbox 379 2279 812 2362; x_wconf 79' lang='lat' dir='ltr'>speculisproprloallensvidetur</span> <span class='ocrx_word' id='word_1_173' title='bbox 853 2299 949 2350; x_wconf 74' lang='lat' dir='ltr'>Verum</span> <span class='ocrx_word' id='word_1_174' title='bbox 961 2301 1091 2372; x_wconf 73' lang='lat' dir='ltr'>uteotylas</span> <span class='ocrx_word' id='word_1_175' title='bbox 1107 2301 1219 2352; x_wconf 82' lang='lat' dir='ltr'>vidimus</span> 
     </span>
     <span class='ocr_line' id='line_1_21' title="bbox 179 2401 1219 2470; baseline 0.003 -18"><span class='ocrx_word' id='word_1_176' title='bbox 179 2415 230 2453; x_wconf 89' lang='lat' dir='ltr'>nou</span> <span class='ocrx_word' id='word_1_177' title='bbox 248 2402 332 2454; x_wconf 92' lang='lat' dir='ltr'>solum</span> <span class='ocrx_word' id='word_1_178' title='bbox 351 2402 493 2466; x_wconf 81' lang='lat' dir='ltr'>hauriendi,</span> <span class='ocrx_word' id='word_1_179' title='bbox 512 2403 557 2451; x_wconf 84' lang='lat' dir='ltr'>sed</span> <span class='ocrx_word' id='word_1_180' title='bbox 576 2402 652 2452; x_wconf 88' lang='lat' dir='ltr'>etiam</span> <span class='ocrx_word' id='word_1_181' title='bbox 672 2401 775 2450; x_wconf 88' lang='lat' dir='ltr'>bibendi</span> <span class='ocrx_word' id='word_1_182' title='bbox 794 2413 869 2450; x_wconf 89' lang='lat' dir='ltr'>usum</span> <span class='ocrx_word' id='word_1_183' title='bbox 889 2403 1089 2464; x_wconf 69' lang='lat' dir='ltr'>praebuissetis</span> <span class='ocrx_word' id='word_1_184' title='bbox 1106 2401 1219 2470; x_wconf 80' lang='grc' dir='ltr'><em>μόνωτα</em></span> 
     </span>
     <span class='ocr_line' id='line_1_22' title="bbox 179 2479 1219 2576; baseline 0.002 -23"><span class='ocrx_word' id='word_1_185' title='bbox 179 2505 298 2566; x_wconf 72' lang='lat' dir='ltr'>quedam</span> <span class='ocrx_word' id='word_1_186' title='bbox 315 2503 430 2576; x_wconf 73' lang='grc' dir='ltr'>ποτήρια</span> <span class='ocrx_word' id='word_1_187' title='bbox 448 2504 610 2553; x_wconf 85' lang='lat' dir='ltr'>inveniuntur</span> <span class='ocrx_word' id='word_1_188' title='bbox 634 2479 684 2552; x_wconf 85' lang='lat' dir='ltr'>non</span> <span class='ocrx_word' id='word_1_189' title='bbox 702 2501 799 2552; x_wconf 87' lang='lat' dir='ltr'>bibenti</span> <span class='ocrx_word' id='word_1_190' title='bbox 818 2504 914 2570; x_wconf 90' lang='lat' dir='ltr'>solum,</span> <span class='ocrx_word' id='word_1_191' title='bbox 932 2505 978 2554; x_wconf 92' lang='lat' dir='ltr'>sed</span> <span class='ocrx_word' id='word_1_192' title='bbox 997 2503 1074 2554; x_wconf 86' lang='lat' dir='ltr'>etism</span> <span class='ocrx_word' id='word_1_193' title='bbox 1093 2505 1219 2555; x_wconf 87' lang='lat' dir='ltr'>haurienti</span> 
     </span>
     <span class='ocr_line' id='line_1_23' title="bbox 180 2606 1219 2669; baseline 0.003 -15"><span class='ocrx_word' id='word_1_194' title='bbox 180 2609 247 2667; x_wconf 82' lang='lat' dir='ltr'>epto.</span> <span class='ocrx_word' id='word_1_195' title='bbox 291 2606 345 2658; x_wconf 86' lang='lat' dir='ltr'>Nec</span> <span class='ocrx_word' id='word_1_196' title='bbox 362 2607 385 2655; x_wconf 88' lang='lat' dir='ltr'>si</span> <span class='ocrx_word' id='word_1_197' title='bbox 403 2607 536 2669; x_wconf 87' lang='lat' dir='ltr'>antiquum</span> <span class='ocrx_word' id='word_1_198' title='bbox 556 2618 642 2656; x_wconf 87' lang='lat' dir='ltr'>eorum</span> <span class='ocrx_word' id='word_1_199' title='bbox 661 2616 754 2653; x_wconf 83' lang='lat' dir='ltr'>nomes</span> <span class='ocrx_word' id='word_1_200' title='bbox 775 2610 918 2669; x_wconf 76' lang='lat' dir='ltr'>queratur,</span> <span class='ocrx_word' id='word_1_201' title='bbox 945 2606 1015 2656; x_wconf 91' lang='lat' dir='ltr'>aliud</span> <span class='ocrx_word' id='word_1_202' title='bbox 1033 2612 1094 2668; x_wconf 88' lang='lat' dir='ltr'>puto</span> <span class='ocrx_word' id='word_1_203' title='bbox 1112 2607 1219 2657; x_wconf 85' lang='lat' dir='ltr'>inveniri</span> 
     </span>
     <span class='ocr_line' id='line_1_24' title="bbox 179 2705 1220 2779; baseline 0.002 -22"><span class='ocrx_word' id='word_1_204' title='bbox 179 2719 267 2771; x_wconf 85' lang='lat' dir='ltr'>posse,</span> <span class='ocrx_word' id='word_1_205' title='bbox 285 2719 362 2768; x_wconf 81' lang='lat' dir='ltr'>quum</span> <span class='ocrx_word' id='word_1_206' title='bbox 379 2705 493 2772; x_wconf 68' lang='grc' dir='ltr'>κοτύλην</span> <span class='ocrx_word' id='word_1_207' title='bbox 510 2713 534 2757; x_wconf 83' lang='lat' dir='ltr'>et</span> <span class='ocrx_word' id='word_1_208' title='bbox 551 2706 715 2758; x_wconf 76' lang='grc' dir='ltr'>κοτυλίσκον·</span> <span class='ocrx_word' id='word_1_209' title='bbox 738 2717 799 2779; x_wconf 77' lang='lat' dir='ltr'>pom</span> <span class='ocrx_word' id='word_1_210' title='bbox 813 2719 890 2768; x_wconf 83' lang='lat' dir='ltr'>quem</span> <span class='ocrx_word' id='word_1_211' title='bbox 908 2706 1028 2760; x_wconf 68' lang='grc' dir='ltr'><em>κώθωνα</em></span> <span class='ocrx_word' id='word_1_212' title='bbox 1045 2709 1137 2758; x_wconf 85' lang='lat' dir='ltr'>babere</span> <span class='ocrx_word' id='word_1_213' title='bbox 1156 2721 1220 2770; x_wconf 89' lang='lat' dir='ltr'>pos-</span> 
     </span>
    </p>
   </div>
   <div class='ocr_carea' id='block_1_6' title="bbox 83 2805 440 2872">
    <p class='ocr_par' dir='ltr' id='par_1_9' title="bbox 83 2805 440 2872">
     <span class='ocr_line' id='line_1_25' title="bbox 83 2805 440 2872; baseline 0.003 -15"><span class='ocrx_word' id='word_1_214' title='bbox 83 2805 92 2811; x_wconf 86' lang='lat'>&#39;</span> <span class='ocrx_word' id='word_1_215' title='bbox 181 2809 242 2872; x_wconf 89' lang='lat' dir='ltr'>sim,</span> <span class='ocrx_word' id='word_1_216' title='bbox 259 2809 360 2859; x_wconf 88' lang='lat' dir='ltr'>nullum</span> <span class='ocrx_word' id='word_1_217' title='bbox 378 2809 440 2858; x_wconf 81' lang='lat' dir='ltr'>vidi.</span> 
     </span>
    </p>
   </div>
   <div class='ocr_carea' id='block_1_7' title="bbox 181 2911 1239 3585">
    <p class='ocr_par' dir='ltr' id='par_1_10' title="bbox 181 2911 1239 3179">
     <span class='ocr_line' id='line_1_26' title="bbox 250 2911 1221 2977; baseline 0 -17"><span class='ocrx_word' id='word_1_218' title='bbox 250 2923 273 2963; x_wconf 92' lang='lat' dir='ltr'>a.</span> <span class='ocrx_word' id='word_1_219' title='bbox 308 2911 424 2960; x_wconf 88' lang='lat' dir='ltr'>Primum</span> <span class='ocrx_word' id='word_1_220' title='bbox 452 2923 534 2972; x_wconf 80' lang='lat' dir='ltr'>genus</span> <span class='ocrx_word' id='word_1_221' title='bbox 561 2911 616 2961; x_wconf 85' lang='lat' dir='ltr'>bssi</span> <span class='ocrx_word' id='word_1_222' title='bbox 634 2911 794 2973; x_wconf 82' lang='lat' dir='ltr'>instructum,</span> <span class='ocrx_word' id='word_1_223' title='bbox 817 2923 922 2972; x_wconf 89' lang='lat' dir='ltr'>corpore</span> <span class='ocrx_word' id='word_1_224' title='bbox 947 2912 1041 2972; x_wconf 84' lang='lat' dir='ltr'>patenti</span> <span class='ocrx_word' id='word_1_225' title='bbox 1068 2911 1221 2977; x_wconf 86' lang='lat' dir='ltr'>admodum,</span> 
     </span>
     <span class='ocr_line' id='line_1_27' title="bbox 181 3011 1239 3088; baseline 0 -26"><span class='ocrx_word' id='word_1_226' title='bbox 181 3013 256 3074; x_wconf 82' lang='lat' dir='ltr'>longa</span> <span class='ocrx_word' id='word_1_227' title='bbox 274 3024 344 3078; x_wconf 83' lang='lat' dir='ltr'>unsa,</span> <span class='ocrx_word' id='word_1_228' title='bbox 363 3025 414 3061; x_wconf 89' lang='lat' dir='ltr'>uon</span> <span class='ocrx_word' id='word_1_229' title='bbox 433 3013 563 3061; x_wconf 89' lang='lat' dir='ltr'>inventum</span> <span class='ocrx_word' id='word_1_230' title='bbox 581 3018 620 3060; x_wconf 92' lang='lat' dir='ltr'>est</span> <span class='ocrx_word' id='word_1_231' title='bbox 637 3013 687 3061; x_wconf 86' lang='lat' dir='ltr'>nisi</span> <span class='ocrx_word' id='word_1_232' title='bbox 705 3025 735 3062; x_wconf 83' lang='lat' dir='ltr'>ex</span> <span class='ocrx_word' id='word_1_233' title='bbox 745 3011 830 3062; x_wconf 79' lang='lat' dir='ltr'>Attico</span> <span class='ocrx_word' id='word_1_234' title='bbox 840 3024 940 3074; x_wconf 81' lang='lat' dir='ltr'>genere.</span> <span class='ocrx_word' id='word_1_235' title='bbox 976 3012 1097 3074; x_wconf 79' lang='lat' dir='ltr'>Exempla</span> <span class='ocrx_word' id='word_1_236' title='bbox 1108 3012 1218 3064; x_wconf 74' lang='lat' dir='ltr'>ulierlr.</span> <span class='ocrx_word' id='word_1_237' title='bbox 1237 3083 1239 3088; x_wconf 28' lang='grc' dir='ltr'>Ι</span> 
     </span>
     <span class='ocr_line' id='line_1_28' title="bbox 181 3111 841 3179; baseline 0 -16"><span class='ocrx_word' id='word_1_238' title='bbox 181 3114 246 3176; x_wconf 83' lang='lat' dir='ltr'>Rap.</span> <span class='ocrx_word' id='word_1_239' title='bbox 264 3111 306 3179; x_wconf 80' lang='lat' dir='ltr'>st,</span> <span class='ocrx_word' id='word_1_240' title='bbox 325 3113 374 3176; x_wconf 81' lang='lat'>353</span> <span class='ocrx_word' id='word_1_241' title='bbox 396 3113 446 3166; x_wconf 87' lang='lat' dir='ltr'>Ult.</span> <span class='ocrx_word' id='word_1_242' title='bbox 465 3113 496 3165; x_wconf 86' lang='lat' dir='ltr'>R.</span> <span class='ocrx_word' id='word_1_243' title='bbox 513 3111 556 3161; x_wconf 79' lang='lat'>28.</span> <span class='ocrx_word' id='word_1_244' title='bbox 594 3113 632 3166; x_wconf 74' lang='lat' dir='ltr'>Cf.</span> <span class='ocrx_word' id='word_1_245' title='bbox 650 3125 720 3176; x_wconf 90' lang='lat' dir='ltr'>supr.</span> <span class='ocrx_word' id='word_1_246' title='bbox 739 3128 762 3176; x_wconf 91' lang='lat' dir='ltr'>p.</span> <span class='ocrx_word' id='word_1_247' title='bbox 783 3113 841 3164; x_wconf 89' lang='lat' dir='ltr'>ltl.</span> 
     </span>
    </p>

    <p class='ocr_par' dir='ltr' id='par_1_11' title="bbox 183 3200 1223 3366">
     <span class='ocr_line' id='line_1_29' title="bbox 249 3200 1223 3281; baseline 0.001 -16"><span class='ocrx_word' id='word_1_248' title='bbox 249 3216 274 3265; x_wconf 89' lang='lat' dir='ltr'>b.</span> <span class='ocrx_word' id='word_1_249' title='bbox 307 3213 425 3264; x_wconf 74' lang='lat' dir='ltr'>Alterum</span> <span class='ocrx_word' id='word_1_250' title='bbox 443 3200 542 3280; x_wconf 80' lang='lat' dir='ltr'>genus,</span> <span class='ocrx_word' id='word_1_251' title='bbox 569 3215 667 3264; x_wconf 91' lang='lat' dir='ltr'>anulari</span> <span class='ocrx_word' id='word_1_252' title='bbox 689 3215 740 3264; x_wconf 87' lang='lat' dir='ltr'>iere</span> <span class='ocrx_word' id='word_1_253' title='bbox 758 3227 835 3281; x_wconf 85' lang='lat' dir='ltr'>ruso,</span> <span class='ocrx_word' id='word_1_254' title='bbox 864 3216 939 3277; x_wconf 82' lang='lat' dir='ltr'>pinno</span> <span class='ocrx_word' id='word_1_255' title='bbox 957 3215 1040 3278; x_wconf 87' lang='lat' dir='ltr'>ipsius</span> <span class='ocrx_word' id='word_1_256' title='bbox 1058 3216 1125 3267; x_wconf 87' lang='lat' dir='ltr'>vosls</span> <span class='ocrx_word' id='word_1_257' title='bbox 1144 3215 1223 3266; x_wconf 89' lang='lat' dir='ltr'>llrudo</span> 
     </span>
     <span class='ocr_line' id='line_1_30' title="bbox 183 3317 305 3366; baseline 0 0"><span class='ocrx_word' id='word_1_258' title='bbox 183 3317 305 3366; x_wconf 84' lang='lat' dir='ltr'>insistens</span> 
     </span>
    </p>

    <p class='ocr_par' dir='ltr' id='par_1_12' title="bbox 183 3415 1224 3585">
     <span class='ocr_line' id='line_1_31' title="bbox 250 3415 1224 3484; baseline -0.004 -14"><span class='ocrx_word' id='word_1_259' title='bbox 250 3436 277 3471; x_wconf 78' lang='lat' dir='ltr'>u.</span> <span class='ocrx_word' id='word_1_260' title='bbox 312 3422 356 3468; x_wconf 80' lang='lat' dir='ltr'>sut</span> <span class='ocrx_word' id='word_1_261' title='bbox 381 3417 479 3467; x_wconf 88' lang='lat' dir='ltr'>labrum</span> <span class='ocrx_word' id='word_1_262' title='bbox 498 3418 573 3467; x_wconf 87' lang='lat' dir='ltr'>babet</span> <span class='ocrx_word' id='word_1_263' title='bbox 596 3419 674 3468; x_wconf 82' lang='lat' dir='ltr'>tundo</span> <span class='ocrx_word' id='word_1_264' title='bbox 691 3417 812 3480; x_wconf 88' lang='lat' dir='ltr'>amplius,</span> <span class='ocrx_word' id='word_1_265' title='bbox 834 3423 863 3467; x_wconf 88' lang='lat' dir='ltr'>ut</span> <span class='ocrx_word' id='word_1_266' title='bbox 885 3418 948 3467; x_wconf 81' lang='lat' dir='ltr'>Pan.</span> <span class='ocrx_word' id='word_1_267' title='bbox 971 3418 1011 3483; x_wconf 91' lang='lat'>11,</span> <span class='ocrx_word' id='word_1_268' title='bbox 1029 3415 1079 3482; x_wconf 69' lang='lat' dir='ltr'>td,</span> <span class='ocrx_word' id='word_1_269' title='bbox 1106 3417 1158 3482; x_wconf 92' lang='lat' dir='ltr'>lll,</span> <span class='ocrx_word' id='word_1_270' title='bbox 1177 3417 1224 3484; x_wconf 76' lang='lat'>493</span> 
     </span>
     <span class='ocr_line' id='line_1_32' title="bbox 183 3517 290 3585; baseline -0.019 -17"><span class='ocrx_word' id='word_1_271' title='bbox 183 3520 229 3583; x_wconf 80' lang='lat' dir='ltr'>lv,</span> <span class='ocrx_word' id='word_1_272' title='bbox 245 3517 290 3585; x_wconf 77' lang='lat' dir='ltr'>tt,</span> 
     </span>
    </p>
   </div>
   <div class='ocr_carea' id='block_1_8' title="bbox 248 3617 1223 3688">
    <p class='ocr_par' dir='ltr' id='par_1_13' title="bbox 248 3617 1223 3688">
     <span class='ocr_line' id='line_1_33' title="bbox 248 3617 1223 3688; baseline -0.001 -17"><span class='ocrx_word' id='word_1_273' title='bbox 248 3625 274 3688; x_wconf 76' lang='grc' dir='ltr'>β.</span> <span class='ocrx_word' id='word_1_274' title='bbox 310 3625 353 3672; x_wconf 80' lang='lat' dir='ltr'>sut</span> <span class='ocrx_word' id='word_1_275' title='bbox 370 3622 458 3670; x_wconf 88' lang='lat' dir='ltr'>minus</span> <span class='ocrx_word' id='word_1_276' title='bbox 475 3622 605 3683; x_wconf 79' lang='lat' dir='ltr'>emplum,</span> <span class='ocrx_word' id='word_1_277' title='bbox 623 3625 652 3669; x_wconf 93' lang='lat' dir='ltr'>ut</span> <span class='ocrx_word' id='word_1_278' title='bbox 669 3621 731 3670; x_wconf 87' lang='lat' dir='ltr'>Pan.</span> <span class='ocrx_word' id='word_1_279' title='bbox 750 3621 794 3686; x_wconf 85' lang='lat' dir='ltr'>lv,</span> <span class='ocrx_word' id='word_1_280' title='bbox 812 3619 857 3684; x_wconf 80' lang='lat'>63,</span> <span class='ocrx_word' id='word_1_281' title='bbox 874 3617 917 3686; x_wconf 79' lang='lat' dir='ltr'>ut,</span> <span class='ocrx_word' id='word_1_282' title='bbox 935 3619 981 3684; x_wconf 84' lang='lat'>66,</span> <span class='ocrx_word' id='word_1_283' title='bbox 1005 3624 1031 3669; x_wconf 89' lang='lat' dir='ltr'>et</span> <span class='ocrx_word' id='word_1_284' title='bbox 1047 3619 1162 3670; x_wconf 78' lang='lat' dir='ltr'>Atticum</span> <span class='ocrx_word' id='word_1_285' title='bbox 1180 3632 1223 3682; x_wconf 88' lang='lat' dir='ltr'>ap.</span> 
     </span>
    </p>
   </div>
   <div class='ocr_carea' id='block_1_9' title="bbox 181 3719 1223 3892">
    <p class='ocr_par' dir='ltr' id='par_1_14' title="bbox 181 3719 1223 3892">
     <span class='ocr_line' id='line_1_34' title="bbox 181 3719 606 3796; baseline -0.007 -22"><span class='ocrx_word' id='word_1_286' title='bbox 181 3724 308 3774; x_wconf 76' lang='lat' dir='ltr'>stactem.</span> <span class='ocrx_word' id='word_1_287' title='bbox 327 3723 425 3776; x_wconf 82' lang='lat' dir='ltr'>Griiber</span> <span class='ocrx_word' id='word_1_288' title='bbox 442 3724 467 3774; x_wconf 91' lang='lat' dir='ltr'>d.</span> <span class='ocrx_word' id='word_1_289' title='bbox 485 3723 517 3772; x_wconf 87' lang='grc' dir='ltr'>Η.</span> <span class='ocrx_word' id='word_1_290' title='bbox 536 3719 579 3796; x_wconf 80' lang='lat'>38,</span> <span class='ocrx_word' id='word_1_291' title='bbox 605 3725 606 3728; x_wconf 78' lang='grc'>’</span> 
     </span>
     <span class='ocr_line' id='line_1_35' title="bbox 250 3823 1223 3892; baseline -0.004 -16"><span class='ocrx_word' id='word_1_292' title='bbox 250 3843 278 3892; x_wconf 79' lang='lat' dir='ltr'>y.</span> <span class='ocrx_word' id='word_1_293' title='bbox 313 3832 357 3876; x_wconf 80' lang='lat' dir='ltr'>sut</span> <span class='ocrx_word' id='word_1_294' title='bbox 378 3825 498 3889; x_wconf 89' lang='lat' dir='ltr'>poculum</span> <span class='ocrx_word' id='word_1_295' title='bbox 521 3823 587 3873; x_wconf 82' lang='lat' dir='ltr'>iutra</span> <span class='ocrx_word' id='word_1_296' title='bbox 609 3823 635 3872; x_wconf 93' lang='lat' dir='ltr'>in</span> <span class='ocrx_word' id='word_1_297' title='bbox 659 3823 726 3886; x_wconf 75' lang='lat' dir='ltr'>globi</span> <span class='ocrx_word' id='word_1_298' title='bbox 743 3823 872 3885; x_wconf 77' lang='lat' dir='ltr'>quendam</span> <span class='ocrx_word' id='word_1_299' title='bbox 895 3823 1090 3872; x_wconf 81' lang='lat' dir='ltr'>similitudinem</span> <span class='ocrx_word' id='word_1_300' title='bbox 1108 3823 1223 3872; x_wconf 87' lang='lat' dir='ltr'>intumo-</span> 
     </span>
    </p>
   </div>
   <div class='ocr_carea' id='block_1_10' title="bbox 182 3924 1223 4191">
    <p class='ocr_par' dir='ltr' id='par_1_15' title="bbox 182 3924 1223 4191">
     <span class='ocr_line' id='line_1_36' title="bbox 182 3924 1223 3990; baseline -0.005 -12"><span class='ocrx_word' id='word_1_301' title='bbox 182 3939 258 3978; x_wconf 90' lang='lat' dir='ltr'>sceus</span> <span class='ocrx_word' id='word_1_302' title='bbox 275 3939 333 3977; x_wconf 88' lang='lat' dir='ltr'>mor</span> <span class='ocrx_word' id='word_1_303' title='bbox 352 3929 442 3990; x_wconf 79' lang='lat' dir='ltr'>equali</span> <span class='ocrx_word' id='word_1_304' title='bbox 461 3927 611 3988; x_wconf 86' lang='lat' dir='ltr'>proceritate</span> <span class='ocrx_word' id='word_1_305' title='bbox 629 3925 718 3987; x_wconf 77' lang='lat' dir='ltr'>surgit.</span> <span class='ocrx_word' id='word_1_306' title='bbox 753 3925 810 3975; x_wconf 78' lang='lat' dir='ltr'>liuo</span> <span class='ocrx_word' id='word_1_307' title='bbox 829 3924 943 3988; x_wconf 81' lang='lat' dir='ltr'>exemplo</span> <span class='ocrx_word' id='word_1_308' title='bbox 956 3925 1104 3988; x_wconf 88' lang='lat' dir='ltr'>perantiqua</span> <span class='ocrx_word' id='word_1_309' title='bbox 1114 3924 1223 3975; x_wconf 75' lang='lat' dir='ltr'>Athenis</span> 
     </span>
     <span class='ocr_line' id='line_1_37' title="bbox 183 4026 1222 4093; baseline -0.004 -15"><span class='ocrx_word' id='word_1_310' title='bbox 183 4029 301 4093; x_wconf 84' lang='lat' dir='ltr'>iuventa,</span> <span class='ocrx_word' id='word_1_311' title='bbox 328 4027 402 4090; x_wconf 80' lang='lat' dir='ltr'>longi</span> <span class='ocrx_word' id='word_1_312' title='bbox 420 4026 482 4078; x_wconf 81' lang='lat' dir='ltr'>urrsl</span> <span class='ocrx_word' id='word_1_313' title='bbox 500 4028 641 4093; x_wconf 80' lang='lat' dir='ltr'>instructo,</span> <span class='ocrx_word' id='word_1_314' title='bbox 670 4031 753 4076; x_wconf 82' lang='lat' dir='ltr'>extant</span> <span class='ocrx_word' id='word_1_315' title='bbox 778 4027 803 4076; x_wconf 93' lang='lat' dir='ltr'>in</span> <span class='ocrx_word' id='word_1_316' title='bbox 824 4041 913 4078; x_wconf 85' lang='lat' dir='ltr'>musco</span> <span class='ocrx_word' id='word_1_317' title='bbox 934 4027 1014 4090; x_wconf 73' lang='lat' dir='ltr'>Regis</span> <span class='ocrx_word' id='word_1_318' title='bbox 1038 4027 1134 4076; x_wconf 80' lang='lat' dir='ltr'>basiae.</span> <span class='ocrx_word' id='word_1_319' title='bbox 1177 4027 1222 4074; x_wconf 91' lang='lat' dir='ltr'>ln-</span> 
     </span>
     <span class='ocr_line' id='line_1_38' title="bbox 183 4107 1220 4191; baseline -0.002 -12"><span class='ocrx_word' id='word_1_320' title='bbox 183 4125 350 4181; x_wconf 81' lang='lat' dir='ltr'>numembllis</span> <span class='ocrx_word' id='word_1_321' title='bbox 375 4129 427 4181; x_wconf 84' lang='lat' dir='ltr'>lere</span> <span class='ocrx_word' id='word_1_322' title='bbox 451 4135 511 4180; x_wconf 87' lang='lat' dir='ltr'>sunt</span> <span class='ocrx_word' id='word_1_323' title='bbox 534 4142 563 4179; x_wconf 88' lang='lat' dir='ltr'>er</span> <span class='ocrx_word' id='word_1_324' title='bbox 582 4129 669 4180; x_wconf 84' lang='lat' dir='ltr'>ltalioo</span> <span class='ocrx_word' id='word_1_325' title='bbox 693 4141 785 4191; x_wconf 81' lang='lat' dir='ltr'>genere</span> <span class='ocrx_word' id='word_1_326' title='bbox 806 4129 875 4191; x_wconf 81' lang='lat' dir='ltr'>nigra</span> <span class='ocrx_word' id='word_1_327' title='bbox 894 4135 919 4178; x_wconf 90' lang='lat' dir='ltr'>et</span> <span class='ocrx_word' id='word_1_328' title='bbox 936 4129 1036 4190; x_wconf 70' lang='lat' dir='ltr'>striata,</span> <span class='ocrx_word' id='word_1_329' title='bbox 1054 4107 1084 4176; x_wconf 75' lang='grc' dir='ltr'>ι’.</span> <span class='ocrx_word' id='word_1_330' title='bbox 1107 4125 1220 4189; x_wconf 76' lang='lat' dir='ltr'>Gargiul.</span> 
     </span>
    </p>
   </div>
   <div class='ocr_carea' id='block_1_11' title="bbox 0 0 1456 4576">
    <p class='ocr_par' dir='ltr' id='par_1_16' title="bbox 0 0 1456 4576">
     <span class='ocr_line' id='line_1_39' title="bbox 0 0 1456 4576; baseline 0 0"><span class='ocrx_word' id='word_1_331' title='bbox 0 0 1456 4576; x_wconf 95' lang='lat' dir='ltr'> </span> 
     </span>
    </p>
   </div>
  </div>
 </body>
</html>
