2876 4580
581 181 808 282 Δ...

175 399 274 452 torum
297 389 475 451 testimoniis
500 389 654 449 destituta.
705 386 780 448 Nam
803 389 874 467 qnid
896 394 1010 452 cratera
1033 393 1083 467 sit,
1111 407 1214 452 omncs

174 507 358 582 novimum,
381 526 437 567 nec
448 507 612 585 turbamur,
634 505 714 584 quod
726 504 862 585 Oedipus
874 505 978 568 Coloni
1001 503 1134 582 (ulta)
1157 527 1215 569 nou

174 629 285 704 vinum,
309 626 361 686 sed
383 625 441 684 mel
464 629 495 686 et
516 641 623 702 aquam
647 625 676 683 in
699 626 825 686 crateris
847 625 965 705 miscet,
988 627 1131 704 autquod
1147 624 1216 686 vn-

173 745 263 823 gilius
281 743 358 816 (Ecl.
372 737 479 820 V‚68)
501 746 569 804 ante
583 733 747 821 Daphnidis
765 761 832 803 aras
854 748 985 805 crateras
1008 746 1087 806 duos
1110 747 1216 805 statuit

155 861 404 942 ¹pingnisolivi3
438 878 492 921 nec
514 860 701 940 dubitamus,
736 862 808 938 quin
838 861 885 924 hta
913 881 990 924 verce
1016 869 1048 924 et
1076 861 1215 941 vulgares
1288 901 1305 922 .-

175 986 309 1042 craterae
331 979 457 1060 luerint3
492 980 545 1040 scd
575 980 638 1041 hoec
660 997 765 1058 magna
787 984 818 1040 et
840 979 1088 1060 melundenses,
1123 983 1212 1042 etiam

176 1099 226 1160 ubi
253 1099 288 1159 ad
311 1098 385 1158 alias
407 1116 456 1158 res
478 1098 704 1176 adhibebantur,
727 1101 825 1158 tamon
848 1117 885 1158 ex
906 1101 1046 1179 primario
1069 1118 1126 1161 usu
1148 1119 1214 1161 cra·

175 1223 247 1278 term
269 1215 461 1297 dicebantnr3
490 1215 528 1277 ci.
552 1216 636 1278 Phot.
659 1234 685 1275 s.
709 1235 735 1276 v.
758 1220 909 1299 κ’όραμον.
952 1217 997 1278 Ex
1019 1218 1214 1278 similitudine

175 1336 266 1396 huius
287 1336 366 1395 rasis
388 1334 526 1412 appellati
549 1340 619 1395 sunt
640 1338 729 1396 etiam
747 1335 845 1396 AElnre
867 1341 898 1397 et
920 1335 1042 1396 Vesuvii
1065 1340 1212 1418 crateres3

175 1461 206 1516 ct
227 1453 319 1533 Soph.
343 1451 425 1514 O.C.
450 1448 535 1514 1593
554 1453 689 1513 toramen
713 1457 799 1514 terre
821 1453 962 1538 κρατῆρα
984 1454 1065 1529 dicit,
1089 1458 1120 1514 et
1143 1453 1213 1514 Phi·

175 1566 1210 1656 Ιοεῐο.μῖθ9Νἰ1ιιιῐιορρεΙΙοῑτόνκοινόντῆςΑῑγόπτονκρατῆρα.

260 1689 383 1751 Materia
395 1694 577 1750 craterarum
594 1690 752 1750 admodum
774 1691 865 1752 varia.
908 1690 1063 1770 Ligneum,
1087 1690 1211 1768 legimus

174 1827 221 1888 ap.
242 1808 314 1868 Ath.
338 1807 398 1887 xl,
419 1803 499 1888 495,
522 1825 550 1869 a.
578 1826 616 1868 ex
645 1807 816 1887 Pamphilo,
848 1810 988 1887 antiquos
1014 1809 1212 1870 Athenienses

175 1926 324 2014 appellare
335 1924 489 2007 πρόαρον,
508 1943 574 2004 qnae
587 1942 643 1987 vox
655 1944 712 1986 non
726 1927 762 1987 ab
774 1921 945 2008 α’ραρίσκα,
972 1931 1004 1987 ut
1014 1927 1077 1988 vult
1088 1927 1209 1987 Lctron.

176 2047 205 2105 in
226 2043 351 2122 prem.
368 2042 421 2103 Er.
436 2036 530 2121 1833,
553 2063 582 2122 p.
592 2038 667 2118 732,
690 2040 795 2124 noca,
817 2045 870 2104 sed
892 2043 929 2104 ab
952 2045 1033 2125 αἴρω
1054 2043 1210 2104 derivanda

176 2167 231 2226 est.
282 2160 425 2235 Pauollra,
452 2159 588 2239 neglecto
610 2177 657 2242 co,
681 2162 759 2240 quod
784 2177 875 2221 unum
897 2159 1038 2221 traditum
1061 2167 1135 2238 erat,
1158 2159 1212 2220 fic·

176 2281 228 2344 tile
250 2298 302 2340 vas
322 2281 452 2358 appellat
473 2277 628 2360 πρόαρον,
649 2277 688 2359 ll,
710 2274 762 2340 20.
805 2279 937 2341 lntuenti
958 2280 1015 2340 hoc
1037 2297 1100 2358 ras,
1121 2296 1211 2358 quam

176 2403 322 2460 crateram
345 2414 492 2457 essenon
516 2397 695 2475 negaverim,
718 2402 749 2457 ct
771 2399 982 2477 contemplanti
1004 2398 1158 2459 urceolum
1181 2398 1210 2456 in
1271 2477 1274 2488 1

176 2518 274 2578 medio
297 2515 438 2596 operculo
461 2515 603 2593 positum,
629 2533 687 2575 non
710 2521 807 2594 potest
830 2535 887 2577 non
911 2518 940 2577 in
964 2521 1092 2577 mentem
1116 2514 1213 2576 redire

176 2635 297 2696 Hesiodi
320 2634 482 2694 admonitio
505 2634 534 2692 in
548 2631 626 2712 Opp.
635 2621 715 2696 7421:
736 2630 889 2717 μηδέποτ’
910 2634 1057 2718 οἰνοχόην
1078 2635 1212 2716 τιθέμεν

175 2754 322 2836 κρηνῆρος
342 2749 489 2835 ὕπερθεν
507 2750 678 2830 πινόνπον.
729 2752 817 2828 Quod
840 2755 919 2814 enim
941 2759 1022 2815 extra
1044 2752 1211 2814 convivium

174 2872 282 2933 licebat
303 2876 334 2932 et
354 2871 444 2950 vulgo
465 2870 565 2946 fiebat,
588 2875 622 2931 nt
645 2870 782 2931 urceolus
803 2873 1035 2932 ministratorius
1057 2872 1120 2930 sive
1141 2872 1210 2946 gut·

175 2996 225 3050 tus
242 3007 333 3066 super
346 2993 493 3050 crateram
505 2993 675 3067 poneretur,
699 2989 729 3051 id
752 2991 781 3050 in
804 2990 869 3068 ipso
891 2991 1025 3050 convivio
1047 2990 1111 3050 sine
1133 2985 1211 3047 malo

175 3107 274 3166 omino
301 3106 393 3167 linitas
421 3107 533 3167 laetitiae
558 3105 623 3168 fieri
646 3126 703 3169 non
728 3113 854 3189 poterat,
881 3127 908 3170 v.
931 3107 1053 3169 Becher.
1077 3104 1163 3168 Char.
1186 3103 1210 3183 l,

177 3243 206 3303 p.
229 3220 303 3286 463.
325 3255 367 3270 -
396 3223 565 3303 Saepissime
591 3225 692 3285 fictilis
718 3232 783 3288 crat
808 3231 937 3305 cratera,
971 3230 1004 3286 ut
1025 3225 1132 3284 attice
1158 3221 1213 3304 τῆς

176 3339 353 3418 Κωλιάδος,
366 3346 532 3422 posteriorc
546 3346 690 3420 tempore,
702 3345 728 3402 si
740 3343 828 3420 paulo
841 3343 952 3404 lautius
961 3343 1210 3418 cralconrivium‚

176 3466 328 3539 argentea,
351 3479 452 3540 aurea,
473 3477 606 3539 gemmea
624 3462 668 3539 (v.
680 3459 831 3520 Eratosth.
846 3479 892 3538 ap.
907 3461 977 3520 hth.
989 3459 1045 3536 Xl,
1056 3453 1130 3537 48⁶2,
1144 3457 1178 3534 b]

260 3577 537 3640 commemorantur
566 3577 650 3656 plura
673 3581 821 3638 craterum
844 3593 970 3658 genera,
1004 3581 1037 3637 ut
1058 3576 1157 3636 Lesbii
1180 3581 1211 3636 et

177 3695 305 3772 Argolici
328 3714 376 3774 ap.
396 3696 541 3758 Herodot.
564 3695 616 3768 lV,
637 3690 678 3754 61
692 3700 723 3756 et
735 3689 805 3773 152,
828 3693 976 3755 Thericlei
1000 3696 1029 3754 in
1052 3693 1088 3755 lr.
1110 3693 1211 3754 hlexi-

176 3814 221 3874 dis
243 3831 290 3891 ap.
313 3814 384 3877 Ath.
406 3812 468 3892 xl,
489 3807 568 3892 472,
590 3830 625 3891 a,
658 3812 797 3874 Laconici
819 3815 849 3874 ct
871 3810 1019 3874 Corinthii
1046 3815 1076 3874 in
1105 3830 1211 3892 pompa

1194 3541 1212 3558 Α

201 4058 230 4123 *)
248 4061 304 4112 Non
323 4063 390 4112 male
408 4061 522 4114 lsidorus
542 4065 557 4114 l.
570 4066 600 4113 lt
620 4064 739 4116 “Cratera
758 4066 821 4116 calix
841 4073 878 4115 est
897 4067 961 4116 duas
980 4065 1075 4116 habens
1094 4064 1193 4114 ansas?
