<?xml version="1.0" encoding="UTF-8"?>
<!DOCTYPE html PUBLIC "-//W3C//DTD XHTML 1.0 Transitional//EN"
    "http://www.w3.org/TR/xhtml1/DTD/xhtml1-transitional.dtd">
<html xmlns="http://www.w3.org/1999/xhtml" xml:lang="en" lang="en">
 <head>
  <title>
</title>
<meta http-equiv="Content-Type" content="text/html;charset=utf-8" />
  <meta name='ocr-system' content='tesseract 3.04.00' />
  <meta name='ocr-capabilities' content='ocr_page ocr_carea ocr_par ocr_line ocrx_word'/>
</head>
<body>
  <div class='ocr_page' id='page_1' title='image "./denominibusvaso01ussigoog_0113.png"; bbox 0 0 2888 4576; ppageno 0'>
   <div class='ocr_carea' id='block_1_1' title="bbox 618 223 750 330">
    <p class='ocr_par' dir='ltr' id='par_1_1' title="bbox 618 223 750 330">
     <span class='ocr_line' id='line_1_1' title="bbox 618 223 750 330; baseline -0.03 -42"><span class='ocrx_word' id='word_1_1' title='bbox 618 321 622 330; x_wconf 93' lang='lat'>.</span> <span class='ocrx_word' id='word_1_2' title='bbox 676 223 750 301; x_wconf 56' lang='lat'><strong>1073</strong></span> 
     </span>
    </p>
   </div>
   <div class='ocr_carea' id='block_1_2' title="bbox 179 420 1220 1213">
    <p class='ocr_par' dir='ltr' id='par_1_2' title="bbox 179 420 1220 1213">
     <span class='ocr_line' id='line_1_2' title="bbox 557 420 844 508; baseline 0.028 -24"><span class='ocrx_word' id='word_1_3' title='bbox 557 420 585 486; x_wconf 79' lang='lat'><strong>2.</strong></span> <span class='ocrx_word' id='word_1_4' title='bbox 627 421 844 508; x_wconf 73' lang='grc' dir='ltr'><strong><em>Ἀρύστιχος</em></strong></span> 
     </span>
     <span class='ocr_line' id='line_1_3' title="bbox 181 542 1218 626; baseline 0.005 -22"><span class='ocrx_word' id='word_1_5' title='bbox 181 545 280 604; x_wconf 87' lang='lat' dir='ltr'><strong>minor</strong></span> <span class='ocrx_word' id='word_1_6' title='bbox 294 547 370 621; x_wconf 84' lang='lat' dir='ltr'><strong>erat,</strong></span> <span class='ocrx_word' id='word_1_7' title='bbox 392 543 429 602; x_wconf 86' lang='lat' dir='ltr'><strong>ad</strong></span> <span class='ocrx_word' id='word_1_8' title='bbox 442 542 541 604; x_wconf 86' lang='lat' dir='ltr'><strong>riuum</strong></span> <span class='ocrx_word' id='word_1_9' title='bbox 556 542 754 604; x_wconf 86' lang='lat' dir='ltr'><strong>hauriendum</strong></span> <span class='ocrx_word' id='word_1_10' title='bbox 769 549 868 622; x_wconf 88' lang='lat' dir='ltr'><strong>aptus.</strong></span> <span class='ocrx_word' id='word_1_11' title='bbox 913 545 1007 607; x_wconf 86' lang='lat' dir='ltr'><strong>Recte</strong></span> <span class='ocrx_word' id='word_1_12' title='bbox 1019 549 1110 626; x_wconf 81' lang='lat' dir='ltr'><strong>igitur</strong></span> <span class='ocrx_word' id='word_1_13' title='bbox 1120 547 1218 609; x_wconf 89' lang='lat' dir='ltr'><strong>Schol.</strong></span> 
     </span>
     <span class='ocr_line' id='line_1_4' title="bbox 180 654 1220 750; baseline 0.009 -29"><span class='ocrx_word' id='word_1_14' title='bbox 180 663 234 722; x_wconf 80' lang='lat' dir='ltr'><strong>Ar.</strong></span> <span class='ocrx_word' id='word_1_15' title='bbox 252 660 341 739; x_wconf 85' lang='lat' dir='ltr'><strong>Vesp.</strong></span> <span class='ocrx_word' id='word_1_16' title='bbox 360 654 440 721; x_wconf 79' lang='lat'>855:</span> <span class='ocrx_word' id='word_1_17' title='bbox 464 655 599 739; x_wconf 75' lang='grc' dir='ltr'><strong>ἅγγεϊόν</strong></span> <span class='ocrx_word' id='word_1_18' title='bbox 621 658 713 735; x_wconf 72' lang='lat' dir='ltr'><strong>donn,</strong></span> <span class='ocrx_word' id='word_1_19' title='bbox 736 655 765 748; x_wconf 74' lang='lat' dir='ltr'><strong>,i</strong></span> <span class='ocrx_word' id='word_1_20' title='bbox 783 659 868 726; x_wconf 71' lang='grc' dir='ltr'><strong><em>ἔστιν</em></strong></span> <span class='ocrx_word' id='word_1_21' title='bbox 889 658 1088 744; x_wconf 66' lang='grc' dir='ltr'><strong>ἀρύσασθαι,</strong></span> <span class='ocrx_word' id='word_1_22' title='bbox 1106 664 1220 750; x_wconf 77' lang='grc' dir='ltr'><strong><em>κοτύλη</em></strong></span> 
     </span>
     <span class='ocr_line' id='line_1_5' title="bbox 179 773 1217 862; baseline 0.003 -20"><span class='ocrx_word' id='word_1_23' title='bbox 179 777 202 860; x_wconf 82' lang='grc' dir='ltr'><em>ἢ</em></span> <span class='ocrx_word' id='word_1_24' title='bbox 222 773 357 852; x_wconf 74' lang='grc' dir='ltr'><strong>κύαθος.</strong></span> <span class='ocrx_word' id='word_1_25' title='bbox 389 777 473 837; x_wconf 87' lang='lat' dir='ltr'><strong>lllter</strong></span> <span class='ocrx_word' id='word_1_26' title='bbox 483 776 633 860; x_wconf 74' lang='grc' dir='ltr'><em>οἰνοχόην</em></span> <span class='ocrx_word' id='word_1_27' title='bbox 655 781 877 859; x_wconf 74' lang='lat' dir='ltr'><strong>interpretatur,</strong></span> <span class='ocrx_word' id='word_1_28' title='bbox 900 783 1159 862; x_wconf 84' lang='lat' dir='ltr'><strong>minusnccurate,</strong></span> <span class='ocrx_word' id='word_1_29' title='bbox 1183 788 1217 845; x_wconf 92' lang='lat' dir='ltr'><strong>ut</strong></span> 
     </span>
     <span class='ocr_line' id='line_1_6' title="bbox 182 892 1218 977; baseline 0.008 -23"><span class='ocrx_word' id='word_1_30' title='bbox 182 897 309 958; x_wconf 83' lang='lat' dir='ltr'><strong>videtur.</strong></span> <span class='ocrx_word' id='word_1_31' title='bbox 352 894 395 956; x_wconf 43' lang='lat' dir='ltr'><strong>Cic</strong></span> <span class='ocrx_word' id='word_1_32' title='bbox 418 893 524 956; x_wconf 82' lang='lat' dir='ltr'><strong>Pollux</strong></span> <span class='ocrx_word' id='word_1_33' title='bbox 555 892 685 974; x_wconf 84' lang='lat' dir='ltr'><strong>v1‚19;</strong></span> <span class='ocrx_word' id='word_1_34' title='bbox 714 897 862 976; x_wconf 80' lang='lat' dir='ltr'><strong>Hesych,</strong></span> <span class='ocrx_word' id='word_1_35' title='bbox 883 898 922 959; x_wconf 91' lang='lat' dir='ltr'><strong>al.</strong></span> <span class='ocrx_word' id='word_1_36' title='bbox 965 899 1086 962; x_wconf 79' lang='lat' dir='ltr'><strong>Talibus</strong></span> <span class='ocrx_word' id='word_1_37' title='bbox 1108 902 1218 977; x_wconf 81' lang='lat' dir='ltr'><strong>trullis,</strong></span> 
     </span>
     <span class='ocr_line' id='line_1_7' title="bbox 182 1013 1219 1096; baseline 0.006 -24"><span class='ocrx_word' id='word_1_38' title='bbox 182 1015 251 1092; x_wconf 90' lang='lat' dir='ltr'><strong>quia</strong></span> <span class='ocrx_word' id='word_1_39' title='bbox 263 1014 484 1092; x_wconf 83' lang='lat' dir='ltr'><strong>quummaxime</strong></span> <span class='ocrx_word' id='word_1_40' title='bbox 496 1014 614 1092; x_wconf 84' lang='lat' dir='ltr'><strong>adsunt,</strong></span> <span class='ocrx_word' id='word_1_41' title='bbox 638 1013 787 1076; x_wconf 85' lang='lat' dir='ltr'><strong>Philoclco</strong></span> <span class='ocrx_word' id='word_1_42' title='bbox 806 1016 836 1076; x_wconf 88' lang='lat' dir='ltr'><strong>in</strong></span> <span class='ocrx_word' id='word_1_43' title='bbox 850 1014 955 1094; x_wconf 88' lang='lat' dir='ltr'><strong>Vespis</strong></span> <span class='ocrx_word' id='word_1_44' title='bbox 977 1017 1027 1079; x_wconf 94' lang='grc' dir='ltr'>1.Ι.</span> <span class='ocrx_word' id='word_1_45' title='bbox 1047 1019 1143 1078; x_wconf 88' lang='lat' dir='ltr'><strong>utitur</strong></span> <span class='ocrx_word' id='word_1_46' title='bbox 1165 1036 1219 1096; x_wconf 91' lang='lat' dir='ltr'><strong>pro</strong></span> 
     </span>
     <span class='ocr_line' id='line_1_8' title="bbox 182 1126 1219 1213; baseline 0.004 -21"><span class='ocrx_word' id='word_1_47' title='bbox 182 1131 287 1192; x_wconf 86' lang='lat' dir='ltr'><strong>sitellis</strong></span> <span class='ocrx_word' id='word_1_48' title='bbox 310 1132 536 1192; x_wconf 80' lang='lat' dir='ltr'><strong>iudiciariis-</strong></span> <span class='ocrx_word' id='word_1_49' title='bbox 559 1130 688 1192; x_wconf 86' lang='lat' dir='ltr'><strong>Panolla</strong></span> <span class='ocrx_word' id='word_1_50' title='bbox 701 1131 796 1212; x_wconf 67' lang='lat' dir='ltr'><strong>(llll,</strong></span> <span class='ocrx_word' id='word_1_51' title='bbox 809 1126 866 1205; x_wconf 84' lang='grc'><strong>98)</strong></span> <span class='ocrx_word' id='word_1_52' title='bbox 889 1133 1219 1213; x_wconf 80' lang='lat' dir='ltr'><strong>ampullamquandam</strong></span> 
     </span>
    </p>
   </div>
   <div class='ocr_carea' id='block_1_3' title="bbox 55 1247 1344 1448">
    <p class='ocr_par' dir='ltr' id='par_1_3' title="bbox 55 1247 1344 1448">
     <span class='ocr_line' id='line_1_9' title="bbox 181 1247 1344 1328; baseline 0.006 -20"><span class='ocrx_word' id='word_1_53' title='bbox 181 1247 240 1310; x_wconf 83' lang='lat' dir='ltr'><strong>hoc</strong></span> <span class='ocrx_word' id='word_1_54' title='bbox 261 1251 380 1310; x_wconf 88' lang='lat' dir='ltr'><strong>nomine</strong></span> <span class='ocrx_word' id='word_1_55' title='bbox 401 1249 577 1326; x_wconf 81' lang='lat' dir='ltr'><strong>appellarit,</strong></span> <span class='ocrx_word' id='word_1_56' title='bbox 607 1249 687 1328; x_wconf 90' lang='lat' dir='ltr'><strong>quod</strong></span> <span class='ocrx_word' id='word_1_57' title='bbox 711 1254 743 1310; x_wconf 91' lang='lat' dir='ltr'><strong>ut</strong></span> <span class='ocrx_word' id='word_1_58' title='bbox 765 1254 847 1310; x_wconf 86' lang='lat' dir='ltr'><strong>recte</strong></span> <span class='ocrx_word' id='word_1_59' title='bbox 870 1250 1017 1328; x_wconf 87' lang='lat' dir='ltr'><strong>improbat</strong></span> <span class='ocrx_word' id='word_1_60' title='bbox 1038 1251 1219 1314; x_wconf 84' lang='lat' dir='ltr'><strong>Letrounius</strong></span> <span class='ocrx_word' id='word_1_61' title='bbox 1342 1291 1344 1294; x_wconf 95' lang='lat'>-</span> 
     </span>
     <span class='ocr_line' id='line_1_10' title="bbox 55 1359 1219 1448; baseline 0.005 -24"><span class='ocrx_word' id='word_1_62' title='bbox 55 1415 58 1424; x_wconf 96' lang='lat'><em>.</em></span> <span class='ocrx_word' id='word_1_63' title='bbox 181 1365 276 1444; x_wconf 74' lang='lat' dir='ltr'><strong>(Epir.</strong></span> <span class='ocrx_word' id='word_1_64' title='bbox 293 1366 345 1426; x_wconf 79' lang='lat' dir='ltr'><strong>Er.</strong></span> <span class='ocrx_word' id='word_1_65' title='bbox 368 1359 465 1442; x_wconf 85' lang='lat'><strong>1833,</strong></span> <span class='ocrx_word' id='word_1_66' title='bbox 487 1385 517 1444; x_wconf 88' lang='lat' dir='ltr'><strong>p.</strong></span> <span class='ocrx_word' id='word_1_67' title='bbox 540 1359 633 1445; x_wconf 87' lang='grc'>618),</span> <span class='ocrx_word' id='word_1_68' title='bbox 656 1367 698 1428; x_wconf 81' lang='lat' dir='ltr'><strong>ita</strong></span> <span class='ocrx_word' id='word_1_69' title='bbox 719 1367 908 1427; x_wconf 82' lang='lat' dir='ltr'><strong>vehementer</strong></span> <span class='ocrx_word' id='word_1_70' title='bbox 930 1372 1021 1448; x_wconf 89' lang='lat' dir='ltr'><strong>errat,</strong></span> <span class='ocrx_word' id='word_1_71' title='bbox 1044 1369 1123 1446; x_wconf 91' lang='lat' dir='ltr'><strong>quod</strong></span> <span class='ocrx_word' id='word_1_72' title='bbox 1146 1378 1219 1446; x_wconf 76' lang='lat' dir='ltr'><strong>pod-</strong></span> 
     </span>
    </p>
   </div>
   <div class='ocr_carea' id='block_1_4' title="bbox 176 1482 1290 4033">
    <p class='ocr_par' dir='ltr' id='par_1_4' title="bbox 176 1482 1290 4033">
     <span class='ocr_line' id='line_1_11' title="bbox 180 1482 1216 1563; baseline 0.004 -21"><span class='ocrx_word' id='word_1_73' title='bbox 180 1485 274 1544; x_wconf 88' lang='lat' dir='ltr'><strong>licnm</strong></span> <span class='ocrx_word' id='word_1_74' title='bbox 291 1482 349 1544; x_wconf 90' lang='lat' dir='ltr'><strong>hoc</strong></span> <span class='ocrx_word' id='word_1_75' title='bbox 360 1483 535 1544; x_wconf 81' lang='lat' dir='ltr'><strong>vocabulum</strong></span> <span class='ocrx_word' id='word_1_76' title='bbox 552 1485 635 1544; x_wconf 84' lang='lat' dir='ltr'><strong>dixit.</strong></span> <span class='ocrx_word' id='word_1_77' title='bbox 679 1484 732 1544; x_wconf 87' lang='lat' dir='ltr'><strong>llis</strong></span> <span class='ocrx_word' id='word_1_78' title='bbox 749 1484 855 1545; x_wconf 84' lang='lat' dir='ltr'><strong>saltem</strong></span> <span class='ocrx_word' id='word_1_79' title='bbox 876 1486 905 1545; x_wconf 92' lang='lat' dir='ltr'><strong>in</strong></span> <span class='ocrx_word' id='word_1_80' title='bbox 928 1485 1016 1546; x_wconf 85' lang='lat' dir='ltr'><strong>rohos</strong></span> <span class='ocrx_word' id='word_1_81' title='bbox 1038 1486 1103 1545; x_wconf 86' lang='lat' dir='ltr'><strong>iure</strong></span> <span class='ocrx_word' id='word_1_82' title='bbox 1125 1489 1216 1563; x_wconf 81' lang='lat' dir='ltr'><strong>qunri</strong></span> 
     </span>
     <span class='ocr_line' id='line_1_12' title="bbox 180 1595 1217 1682; baseline 0.001 -21"><span class='ocrx_word' id='word_1_83' title='bbox 180 1605 290 1679; x_wconf 88' lang='lat' dir='ltr'><strong>potest,</strong></span> <span class='ocrx_word' id='word_1_84' title='bbox 314 1606 348 1662; x_wconf 91' lang='lat' dir='ltr'><strong>ut</strong></span> <span class='ocrx_word' id='word_1_85' title='bbox 368 1603 411 1662; x_wconf 86' lang='lat' dir='ltr'><strong>ait</strong></span> <span class='ocrx_word' id='word_1_86' title='bbox 431 1600 575 1662; x_wconf 79' lang='lat' dir='ltr'><strong>Horatius</strong></span> <span class='ocrx_word' id='word_1_87' title='bbox 597 1600 676 1674; x_wconf 82' lang='lat' dir='ltr'><strong>(Sat.</strong></span> <span class='ocrx_word' id='word_1_88' title='bbox 693 1601 717 1680; x_wconf 91' lang='lat' dir='ltr'><strong>l,</strong></span> <span class='ocrx_word' id='word_1_89' title='bbox 729 1595 761 1680; x_wconf 91' lang='lat'><strong>4,</strong></span> <span class='ocrx_word' id='word_1_90' title='bbox 773 1596 843 1677; x_wconf 77' lang='lat'><strong>45),</strong></span> <span class='ocrx_word' id='word_1_91' title='bbox 865 1602 1017 1665; x_wconf 81' lang='lat' dir='ltr'><strong>comoedia</strong></span> <span class='ocrx_word' id='word_1_92' title='bbox 1039 1612 1145 1682; x_wconf 74' lang='lat' dir='ltr'><strong>poema</strong></span> <span class='ocrx_word' id='word_1_93' title='bbox 1166 1606 1217 1682; x_wconf 86' lang='lat' dir='ltr'><strong>sit,</strong></span> 
     </span>
     <span class='ocr_line' id='line_1_13' title="bbox 178 1717 1217 1822; baseline 0.004 -44"><span class='ocrx_word' id='word_1_94' title='bbox 178 1737 282 1782; x_wconf 85' lang='lat' dir='ltr'><strong>necue.</strong></span> <span class='ocrx_word' id='word_1_95' title='bbox 326 1717 486 1779; x_wconf 87' lang='lat' dir='ltr'><strong>llelellitur</strong></span> <span class='ocrx_word' id='word_1_96' title='bbox 506 1720 596 1780; x_wconf 86' lang='lat' dir='ltr'><strong>stiam</strong></span> <span class='ocrx_word' id='word_1_97' title='bbox 616 1720 743 1797; x_wconf 89' lang='lat' dir='ltr'><strong>sculptis</strong></span> <span class='ocrx_word' id='word_1_98' title='bbox 766 1722 976 1794; x_wconf 82' lang='lat' dir='ltr'><strong>monumentis,</strong></span> <span class='ocrx_word' id='word_1_99' title='bbox 999 1723 1114 1782; x_wconf 92' lang='lat' dir='ltr'><strong>namin</strong></span> <span class='ocrx_word' id='word_1_100' title='bbox 1136 1739 1217 1822; x_wconf 45' lang='lat' dir='ltr'><strong>marr]</strong></span> 
     </span>
     <span class='ocr_line' id='line_1_14' title="bbox 178 1832 1217 1914; baseline 0.004 -18"><span class='ocrx_word' id='word_1_101' title='bbox 178 1853 264 1896; x_wconf 85' lang='lat' dir='ltr'><strong>more</strong></span> <span class='ocrx_word' id='word_1_102' title='bbox 274 1835 441 1912; x_wconf 80' lang='lat' dir='ltr'><strong>AEginetico</strong></span> <span class='ocrx_word' id='word_1_103' title='bbox 454 1855 501 1914; x_wconf 91' lang='lat' dir='ltr'><strong>ap.</strong></span> <span class='ocrx_word' id='word_1_104' title='bbox 515 1835 647 1899; x_wconf 87' lang='lat' dir='ltr'><strong>Boechh.</strong></span> <span class='ocrx_word' id='word_1_105' title='bbox 671 1835 703 1900; x_wconf 88' lang='lat' dir='ltr'><strong>C.</strong></span> <span class='ocrx_word' id='word_1_106' title='bbox 725 1837 747 1902; x_wconf 90' lang='lat' dir='ltr'><strong>l.</strong></span> <span class='ocrx_word' id='word_1_107' title='bbox 766 1856 795 1900; x_wconf 91' lang='lat' dir='ltr'><strong>n.</strong></span> <span class='ocrx_word' id='word_1_108' title='bbox 808 1832 894 1898; x_wconf 78' lang='lat'><strong>2139</strong></span> <span class='ocrx_word' id='word_1_109' title='bbox 904 1843 1034 1899; x_wconf 83' lang='lat' dir='ltr'><strong>extrema</strong></span> <span class='ocrx_word' id='word_1_110' title='bbox 1047 1839 1135 1900; x_wconf 83' lang='lat' dir='ltr'><strong>verba</strong></span> <span class='ocrx_word' id='word_1_111' title='bbox 1147 1843 1217 1900; x_wconf 89' lang='lat' dir='ltr'><strong>sunt</strong></span> 
     </span>
     <span class='ocr_line' id='line_1_15' title="bbox 178 1947 1217 2035; baseline 0.003 -21"><span class='ocrx_word' id='word_1_112' title='bbox 178 1947 353 2034; x_wconf 74' lang='grc' dir='ltr'>ἄρύσπχος,</span> <span class='ocrx_word' id='word_1_113' title='bbox 374 1947 491 2035; x_wconf 62' lang='lat' dir='ltr'><strong>viduor.</strong></span> <span class='ocrx_word' id='word_1_114' title='bbox 536 1953 675 2016; x_wconf 83' lang='lat' dir='ltr'><strong>Fortasse</strong></span> <span class='ocrx_word' id='word_1_115' title='bbox 695 1958 815 2033; x_wconf 85' lang='lat' dir='ltr'><strong>proprie</strong></span> <span class='ocrx_word' id='word_1_116' title='bbox 836 1955 1015 2016; x_wconf 81' lang='lat' dir='ltr'><strong>adiectivum</strong></span> <span class='ocrx_word' id='word_1_117' title='bbox 1036 1955 1107 2033; x_wconf 88' lang='lat' dir='ltr'><strong>luit,</strong></span> <span class='ocrx_word' id='word_1_118' title='bbox 1141 1975 1217 2034; x_wconf 90' lang='lat' dir='ltr'><strong>quo·</strong></span> 
     </span>
     <span class='ocr_line' id='line_1_16' title="bbox 180 2040 1215 2157; baseline 0.006 -27"><span class='ocrx_word' id='word_1_119' title='bbox 180 2073 260 2131; x_wconf 88' lang='lat' dir='ltr'><strong>niam</strong></span> <span class='ocrx_word' id='word_1_120' title='bbox 281 2070 443 2130; x_wconf 79' lang='lat' dir='ltr'><strong>Athenaeus</strong></span> <span class='ocrx_word' id='word_1_121' title='bbox 467 2071 507 2148; x_wconf 96' lang='lat' dir='ltr'><strong>X,</strong></span> <span class='ocrx_word' id='word_1_122' title='bbox 528 2040 603 2150; x_wconf 77' lang='lat'><strong>424,</strong></span> <span class='ocrx_word' id='word_1_123' title='bbox 625 2090 652 2135; x_wconf 88' lang='lat' dir='ltr'><strong>c.</strong></span> <span class='ocrx_word' id='word_1_124' title='bbox 675 2091 713 2132; x_wconf 80' lang='lat' dir='ltr'><strong>er</strong></span> <span class='ocrx_word' id='word_1_125' title='bbox 737 2070 909 2150; x_wconf 84' lang='lat' dir='ltr'><strong>Phrynicho</strong></span> <span class='ocrx_word' id='word_1_126' title='bbox 931 2073 1003 2132; x_wconf 87' lang='lat' dir='ltr'><strong>citat</strong></span> <span class='ocrx_word' id='word_1_127' title='bbox 1024 2069 1122 2137; x_wconf 78' lang='grc' dir='ltr'><strong><em>κύλικ’</em></strong></span> <span class='ocrx_word' id='word_1_128' title='bbox 1142 2069 1215 2157; x_wconf 71' lang='lat' dir='ltr'><strong>cipri·</strong></span> 
     </span>
     <span class='ocr_line' id='line_1_17' title="bbox 178 2167 1258 2268; baseline 0 -18"><span class='ocrx_word' id='word_1_129' title='bbox 178 2203 293 2268; x_wconf 76' lang='grc' dir='ltr'>σπχον,</span> <span class='ocrx_word' id='word_1_130' title='bbox 316 2178 368 2248; x_wconf 80' lang='lat' dir='ltr'><strong>s‘eu</strong></span> <span class='ocrx_word' id='word_1_131' title='bbox 391 2207 428 2248; x_wconf 86' lang='lat' dir='ltr'><strong>ex</strong></span> <span class='ocrx_word' id='word_1_132' title='bbox 450 2193 512 2249; x_wconf 88' lang='lat' dir='ltr'><strong>tam</strong></span> <span class='ocrx_word' id='word_1_133' title='bbox 533 2191 659 2267; x_wconf 84' lang='lat' dir='ltr'><strong>abrupto</strong></span> <span class='ocrx_word' id='word_1_134' title='bbox 681 2189 747 2250; x_wconf 88' lang='lat' dir='ltr'><strong>loco</strong></span> <span class='ocrx_word' id='word_1_135' title='bbox 768 2188 841 2248; x_wconf 90' lang='lat' dir='ltr'><strong>nihil</strong></span> <span class='ocrx_word' id='word_1_136' title='bbox 864 2189 1000 2249; x_wconf 91' lang='lat' dir='ltr'><strong>concludi</strong></span> <span class='ocrx_word' id='word_1_137' title='bbox 1023 2194 1130 2266; x_wconf 88' lang='lat' dir='ltr'><strong>potest.</strong></span> <span class='ocrx_word' id='word_1_138' title='bbox 1254 2167 1258 2174; x_wconf 40' lang='lat'>¹</span> 
     </span>
     <span class='ocr_line' id='line_1_18' title="bbox 263 2303 1215 2390; baseline 0 -24"><span class='ocrx_word' id='word_1_139' title='bbox 263 2307 329 2367; x_wconf 84' lang='lat' dir='ltr'><strong>lllia</strong></span> <span class='ocrx_word' id='word_1_140' title='bbox 357 2309 475 2369; x_wconf 90' lang='lat' dir='ltr'><strong>nomina</strong></span> <span class='ocrx_word' id='word_1_141' title='bbox 503 2326 539 2368; x_wconf 85' lang='lat' dir='ltr'><strong>ex</strong></span> <span class='ocrx_word' id='word_1_142' title='bbox 567 2303 678 2390; x_wconf 77' lang='lat' dir='ltr'><strong>a&#39;pciaov</strong></span> <span class='ocrx_word' id='word_1_143' title='bbox 706 2309 838 2367; x_wconf 88' lang='lat' dir='ltr'><strong>derivata</strong></span> <span class='ocrx_word' id='word_1_144' title='bbox 865 2307 991 2367; x_wconf 84' lang='lat' dir='ltr'><strong>eandem</strong></span> <span class='ocrx_word' id='word_1_145' title='bbox 1012 2307 1122 2367; x_wconf 86' lang='lat' dir='ltr'><strong>habent</strong></span> <span class='ocrx_word' id='word_1_146' title='bbox 1145 2309 1215 2384; x_wconf 88' lang='lat' dir='ltr'><strong>vim,</strong></span> 
     </span>
     <span class='ocr_line' id='line_1_19' title="bbox 179 2405 1214 2522; baseline -0.001 -38"><span class='ocrx_word' id='word_1_147' title='bbox 179 2405 213 2484; x_wconf 87' lang='lat' dir='ltr'><strong>ut</strong></span> <span class='ocrx_word' id='word_1_148' title='bbox 235 2419 350 2508; x_wconf 80' lang='grc' dir='ltr'><em>ἅρυτήρ</em></span> <span class='ocrx_word' id='word_1_149' title='bbox 371 2425 516 2486; x_wconf 86' lang='lat' dir='ltr'><strong>Herodoti</strong></span> <span class='ocrx_word' id='word_1_150' title='bbox 540 2424 597 2503; x_wconf 79' lang='lat' dir='ltr'><strong>(ll,</strong></span> <span class='ocrx_word' id='word_1_151' title='bbox 622 2419 713 2505; x_wconf 82' lang='lat'><strong>168),</strong></span> <span class='ocrx_word' id='word_1_152' title='bbox 736 2423 862 2507; x_wconf 73' lang='grc' dir='ltr'><strong><em>ἄρυσκις</em></strong></span> <span class='ocrx_word' id='word_1_153' title='bbox 883 2424 1037 2502; x_wconf 85' lang='lat' dir='ltr'><strong>Sophoclis</strong></span> <span class='ocrx_word' id='word_1_154' title='bbox 1053 2424 1146 2522; x_wconf 70' lang='lat' dir='ltr'><strong>¹(ilth.</strong></span> <span class='ocrx_word' id='word_1_155' title='bbox 1159 2424 1214 2496; x_wconf 87' lang='lat' dir='ltr'><strong>Xl,</strong></span> 
     </span>
     <span class='ocr_line' id='line_1_20' title="bbox 178 2521 1214 2628; baseline -0.001 -26"><span class='ocrx_word' id='word_1_156' title='bbox 178 2533 252 2618; x_wconf 83' lang='lat'><strong>783,</strong></span> <span class='ocrx_word' id='word_1_157' title='bbox 275 2521 324 2622; x_wconf 85' lang='lat' dir='ltr'><strong>l),</strong></span> <span class='ocrx_word' id='word_1_158' title='bbox 359 2538 495 2628; x_wconf 74' lang='grc' dir='ltr'><strong><em>ἄρυσκήρ</em></strong></span> <span class='ocrx_word' id='word_1_159' title='bbox 521 2543 700 2620; x_wconf 76' lang='lat' dir='ltr'><strong>Simonidis,</strong></span> <span class='ocrx_word' id='word_1_160' title='bbox 737 2539 880 2626; x_wconf 76' lang='grc' dir='ltr'><em>ἄρυσοὶνη</em></span> <span class='ocrx_word' id='word_1_161' title='bbox 901 2543 1034 2603; x_wconf 88' lang='lat' dir='ltr'><strong>Timonis</strong></span> <span class='ocrx_word' id='word_1_162' title='bbox 1062 2542 1150 2622; x_wconf 82' lang='lat' dir='ltr'><strong>(Ath.</strong></span> <span class='ocrx_word' id='word_1_163' title='bbox 1173 2541 1214 2620; x_wconf 90' lang='lat' dir='ltr'><strong>X,</strong></span> 
     </span>
     <span class='ocr_line' id='line_1_21' title="bbox 177 2653 876 2747; baseline 0.009 -29"><span class='ocrx_word' id='word_1_164' title='bbox 177 2653 251 2738; x_wconf 77' lang='lat'><strong>4⁵24,</strong></span> <span class='ocrx_word' id='word_1_165' title='bbox 275 2659 322 2738; x_wconf 88' lang='lat' dir='ltr'><strong>b),</strong></span> <span class='ocrx_word' id='word_1_166' title='bbox 345 2657 489 2747; x_wconf 76' lang='grc' dir='ltr'><strong><em>α’ρυστρίς</em></strong></span> <span class='ocrx_word' id='word_1_167' title='bbox 509 2662 671 2722; x_wconf 80' lang='lat' dir='ltr'><strong>Aristonici</strong></span> <span class='ocrx_word' id='word_1_168' title='bbox 694 2657 876 2742; x_wconf 75' lang='lat' dir='ltr'>(v1‚306).</span> 
     </span>
     <span class='ocr_line' id='line_1_22' title="bbox 193 2775 1212 2874; baseline -0.003 -35"><span class='ocrx_word' id='word_1_169' title='bbox 193 2775 196 2778; x_wconf 75' lang='grc'><strong>’</strong></span> <span class='ocrx_word' id='word_1_170' title='bbox 264 2777 433 2860; x_wconf 76' lang='grc' dir='ltr'><strong><em>Οῑνήρυσιν</em></strong></span> <span class='ocrx_word' id='word_1_171' title='bbox 462 2778 537 2838; x_wconf 80' lang='lat' dir='ltr'><strong>dixit</strong></span> <span class='ocrx_word' id='word_1_172' title='bbox 564 2779 779 2858; x_wconf 82' lang='lat' dir='ltr'><strong>Aristophanes</strong></span> <span class='ocrx_word' id='word_1_173' title='bbox 805 2779 880 2843; x_wconf 86' lang='lat' dir='ltr'><strong>llch.</strong></span> <span class='ocrx_word' id='word_1_174' title='bbox 905 2775 1004 2874; x_wconf 75' lang='grc'>1667,</span> <span class='ocrx_word' id='word_1_175' title='bbox 1032 2777 1082 2838; x_wconf 90' lang='lat' dir='ltr'><strong>uhi</strong></span> <span class='ocrx_word' id='word_1_176' title='bbox 1104 2775 1212 2836; x_wconf 83' lang='lat' dir='ltr'><strong>schol:</strong></span> 
     </span>
     <span class='ocr_line' id='line_1_23' title="bbox 176 2889 1214 2988; baseline -0.006 -29"><span class='ocrx_word' id='word_1_177' title='bbox 176 2899 231 2978; x_wconf 75' lang='grc' dir='ltr'><strong>τὴν</strong></span> <span class='ocrx_word' id='word_1_178' title='bbox 252 2892 307 2959; x_wconf 78' lang='lat' dir='ltr'><strong>aod</strong></span> <span class='ocrx_word' id='word_1_179' title='bbox 325 2897 415 2958; x_wconf 76' lang='lat' dir='ltr'><strong>airon</strong></span> <span class='ocrx_word' id='word_1_180' title='bbox 437 2895 578 2978; x_wconf 74' lang='grc' dir='ltr'><strong>κοτύλην,</strong></span> <span class='ocrx_word' id='word_1_181' title='bbox 600 2889 621 2988; x_wconf 78' lang='grc' dir='ltr'><strong><em>ᾖ</em></strong></span> <span class='ocrx_word' id='word_1_182' title='bbox 642 2890 805 2976; x_wconf 72' lang='grc' dir='ltr'>ἀρύονται.</span> <span class='ocrx_word' id='word_1_183' title='bbox 848 2898 992 2958; x_wconf 82' lang='lat' dir='ltr'><strong>Eiusdem</strong></span> <span class='ocrx_word' id='word_1_184' title='bbox 1013 2897 1130 2974; x_wconf 85' lang='lat' dir='ltr'><strong>generis</strong></span> <span class='ocrx_word' id='word_1_185' title='bbox 1148 2894 1214 2955; x_wconf 89' lang='lat' dir='ltr'><strong>lue·</strong></span> 
     </span>
     <span class='ocr_line' id='line_1_24' title="bbox 177 3010 1215 3094; baseline 0.002 -22"><span class='ocrx_word' id='word_1_186' title='bbox 177 3017 248 3072; x_wconf 90' lang='lat' dir='ltr'><strong>runt</strong></span> <span class='ocrx_word' id='word_1_187' title='bbox 274 3013 407 3092; x_wconf 84' lang='lat' dir='ltr'><strong>vascula,</strong></span> <span class='ocrx_word' id='word_1_188' title='bbox 441 3013 550 3091; x_wconf 87' lang='lat' dir='ltr'><strong>quibus</strong></span> <span class='ocrx_word' id='word_1_189' title='bbox 578 3015 644 3093; x_wconf 91' lang='lat' dir='ltr'><strong>puis</strong></span> <span class='ocrx_word' id='word_1_190' title='bbox 666 3019 697 3075; x_wconf 85' lang='lat' dir='ltr'><strong>et</strong></span> <span class='ocrx_word' id='word_1_191' title='bbox 723 3017 770 3075; x_wconf 88' lang='lat' dir='ltr'><strong>ius</strong></span> <span class='ocrx_word' id='word_1_192' title='bbox 796 3014 1026 3091; x_wconf 79' lang='lat' dir='ltr'><strong>hauriebantur,</strong></span> <span class='ocrx_word' id='word_1_193' title='bbox 1059 3010 1215 3094; x_wconf 64' lang='lat' dir='ltr'><strong>decriptione</strong></span> 
     </span>
     <span class='ocr_line' id='line_1_25' title="bbox 177 3124 1214 3214; baseline -0.003 -23"><span class='ocrx_word' id='word_1_194' title='bbox 177 3132 247 3206; x_wconf 84' lang='lat' dir='ltr'><strong>(Ar.</strong></span> <span class='ocrx_word' id='word_1_195' title='bbox 259 3130 333 3192; x_wconf 84' lang='lat' dir='ltr'><strong>Ach.</strong></span> <span class='ocrx_word' id='word_1_196' title='bbox 351 3124 433 3207; x_wconf 75' lang='lat'><strong>245)</strong></span> <span class='ocrx_word' id='word_1_197' title='bbox 455 3135 486 3191; x_wconf 89' lang='lat' dir='ltr'><strong>et</strong></span> <span class='ocrx_word' id='word_1_198' title='bbox 507 3131 676 3214; x_wconf 74' lang='grc' dir='ltr'><strong><em>ζωμήρυσις</em></strong></span> <span class='ocrx_word' id='word_1_199' title='bbox 697 3133 859 3212; x_wconf 81' lang='lat' dir='ltr'><strong>(Anaripp.</strong></span> <span class='ocrx_word' id='word_1_200' title='bbox 871 3150 919 3210; x_wconf 90' lang='lat' dir='ltr'><strong>ap.</strong></span> <span class='ocrx_word' id='word_1_201' title='bbox 933 3132 1004 3192; x_wconf 82' lang='lat' dir='ltr'><strong>Ath.</strong></span> <span class='ocrx_word' id='word_1_202' title='bbox 1017 3129 1069 3209; x_wconf 90' lang='lat' dir='ltr'><strong>lV,</strong></span> <span class='ocrx_word' id='word_1_203' title='bbox 1083 3125 1155 3206; x_wconf 88' lang='grc'>169,</span> <span class='ocrx_word' id='word_1_204' title='bbox 1167 3127 1214 3203; x_wconf 84' lang='lat' dir='ltr'><strong>h).</strong></span> 
     </span>
     <span class='ocr_line' id='line_1_26' title="bbox 265 3244 1275 3334; baseline -0.009 -24"><span class='ocrx_word' id='word_1_205' title='bbox 265 3244 330 3316; x_wconf 79' lang='grc' dir='ltr'><strong>Τὸν</strong></span> <span class='ocrx_word' id='word_1_206' title='bbox 351 3245 517 3330; x_wconf 71' lang='grc' dir='ltr'><strong><em>ἄρύστιχον</em></strong></span> <span class='ocrx_word' id='word_1_207' title='bbox 540 3251 630 3309; x_wconf 88' lang='lat' dir='ltr'><strong>etiam</strong></span> <span class='ocrx_word' id='word_1_208' title='bbox 652 3247 804 3334; x_wconf 73' lang='grc' dir='ltr'><em>ἔφηβον</em></span> <span class='ocrx_word' id='word_1_209' title='bbox 825 3254 961 3310; x_wconf 87' lang='lat' dir='ltr'><strong>vocatum</strong></span> <span class='ocrx_word' id='word_1_210' title='bbox 984 3266 1050 3308; x_wconf 87' lang='lat' dir='ltr'><strong>esse</strong></span> <span class='ocrx_word' id='word_1_211' title='bbox 1072 3249 1213 3309; x_wconf 87' lang='lat' dir='ltr'><strong>docemur</strong></span> <span class='ocrx_word' id='word_1_212' title='bbox 1271 3295 1275 3301; x_wconf 91' lang='lat'><em>.</em></span> 
     </span>
     <span class='ocr_line' id='line_1_27' title="bbox 179 3361 1290 3445; baseline -0.002 -21"><span class='ocrx_word' id='word_1_213' title='bbox 179 3383 195 3424; x_wconf 85' lang='lat' dir='ltr'><strong>a</strong></span> <span class='ocrx_word' id='word_1_214' title='bbox 217 3364 312 3429; x_wconf 88' lang='lat' dir='ltr'><strong>schot.</strong></span> <span class='ocrx_word' id='word_1_215' title='bbox 334 3366 386 3429; x_wconf 80' lang='lat' dir='ltr'><strong>Ar.</strong></span> <span class='ocrx_word' id='word_1_216' title='bbox 410 3365 499 3445; x_wconf 80' lang='lat' dir='ltr'><strong>vesp.</strong></span> <span class='ocrx_word' id='word_1_217' title='bbox 517 3361 591 3428; x_wconf 82' lang='lat'><strong>855.</strong></span> <span class='ocrx_word' id='word_1_218' title='bbox 634 3364 692 3426; x_wconf 85' lang='lat' dir='ltr'><strong>Sed</strong></span> <span class='ocrx_word' id='word_1_219' title='bbox 715 3367 832 3427; x_wconf 84' lang='lat' dir='ltr'><strong>videtur</strong></span> <span class='ocrx_word' id='word_1_220' title='bbox 853 3367 929 3426; x_wconf 82' lang='lat' dir='ltr'><strong>male</strong></span> <span class='ocrx_word' id='word_1_221' title='bbox 951 3365 1099 3444; x_wconf 82' lang='lat' dir='ltr'><strong>explicare</strong></span> <span class='ocrx_word' id='word_1_222' title='bbox 1121 3365 1214 3425; x_wconf 85' lang='lat' dir='ltr'><strong>ratio·</strong></span> <span class='ocrx_word' id='word_1_223' title='bbox 1284 3379 1290 3387; x_wconf 79' lang='lat'><strong><em>‘</em></strong></span> 
     </span>
     <span class='ocr_line' id='line_1_28' title="bbox 179 3478 1213 3567; baseline 0 -25"><span class='ocrx_word' id='word_1_224' title='bbox 179 3501 246 3542; x_wconf 83' lang='lat' dir='ltr'><strong>nem</strong></span> <span class='ocrx_word' id='word_1_225' title='bbox 269 3485 408 3560; x_wconf 89' lang='lat' dir='ltr'><strong>nominis,</strong></span> <span class='ocrx_word' id='word_1_226' title='bbox 429 3482 509 3567; x_wconf 75' lang='grc' dir='ltr'><strong>ἥβην</strong></span> <span class='ocrx_word' id='word_1_227' title='bbox 526 3483 627 3544; x_wconf 89' lang='lat' dir='ltr'><strong>dicens</strong></span> <span class='ocrx_word' id='word_1_228' title='bbox 649 3485 789 3560; x_wconf 88' lang='lat' dir='ltr'><strong>antiquos</strong></span> <span class='ocrx_word' id='word_1_229' title='bbox 810 3482 975 3561; x_wconf 86' lang='lat' dir='ltr'><strong>appellasse</strong></span> <span class='ocrx_word' id='word_1_230' title='bbox 987 3478 1022 3545; x_wconf 75' lang='lat' dir='ltr'><strong>od</strong></span> <span class='ocrx_word' id='word_1_231' title='bbox 1033 3483 1213 3563; x_wconf 74' lang='grc' dir='ltr'><strong><em>τέρπεσθαι</em></strong></span> 
     </span>
     <span class='ocr_line' id='line_1_29' title="bbox 176 3596 1213 3681; baseline -0.004 -19"><span class='ocrx_word' id='word_1_232' title='bbox 176 3596 260 3663; x_wconf 74' lang='grc' dir='ltr'><strong>κατὰ</strong></span> <span class='ocrx_word' id='word_1_233' title='bbox 282 3596 339 3675; x_wconf 74' lang='grc' dir='ltr'><strong>τὰς</strong></span> <span class='ocrx_word' id='word_1_234' title='bbox 360 3596 500 3681; x_wconf 74' lang='grc' dir='ltr'><strong>εὐωχίας,</strong></span> <span class='ocrx_word' id='word_1_235' title='bbox 522 3600 602 3679; x_wconf 90' lang='lat' dir='ltr'><strong>quod</strong></span> <span class='ocrx_word' id='word_1_236' title='bbox 614 3602 735 3661; x_wconf 90' lang='lat' dir='ltr'><strong>minime</strong></span> <span class='ocrx_word' id='word_1_237' title='bbox 746 3601 852 3680; x_wconf 73' lang='lat' dir='ltr'><strong>credo,</strong></span> <span class='ocrx_word' id='word_1_238' title='bbox 872 3600 974 3677; x_wconf 88' lang='lat' dir='ltr'><strong>potins</strong></span> <span class='ocrx_word' id='word_1_239' title='bbox 996 3617 1103 3659; x_wconf 84' lang='lat' dir='ltr'><strong>nomeu</strong></span> <span class='ocrx_word' id='word_1_240' title='bbox 1127 3600 1213 3676; x_wconf 83' lang='lat' dir='ltr'><strong>pueri</strong></span> 
     </span>
     <span class='ocr_line' id='line_1_30' title="bbox 177 3711 1215 3795; baseline -0.001 -18"><span class='ocrx_word' id='word_1_241' title='bbox 177 3718 373 3780; x_wconf 84' lang='lat' dir='ltr'><strong>adolescentis</strong></span> <span class='ocrx_word' id='word_1_242' title='bbox 395 3721 496 3780; x_wconf 86' lang='lat' dir='ltr'><strong>vinum</strong></span> <span class='ocrx_word' id='word_1_243' title='bbox 519 3718 716 3779; x_wconf 85' lang='lat' dir='ltr'><strong>ministrantis</strong></span> <span class='ocrx_word' id='word_1_244' title='bbox 737 3721 783 3790; x_wconf 86' lang='lat' dir='ltr'><strong>(v.</strong></span> <span class='ocrx_word' id='word_1_245' title='bbox 805 3717 875 3779; x_wconf 76' lang='lat' dir='ltr'><strong>noh.</strong></span> <span class='ocrx_word' id='word_1_246' title='bbox 895 3717 936 3795; x_wconf 90' lang='lat' dir='ltr'><strong>X,</strong></span> <span class='ocrx_word' id='word_1_247' title='bbox 949 3711 1023 3792; x_wconf 71' lang='lat'><strong>424,</strong></span> <span class='ocrx_word' id='word_1_248' title='bbox 1046 3720 1079 3788; x_wconf 83' lang='lat' dir='ltr'><strong>e)</strong></span> <span class='ocrx_word' id='word_1_249' title='bbox 1101 3716 1139 3776; x_wconf 88' lang='lat' dir='ltr'><strong>ad</strong></span> <span class='ocrx_word' id='word_1_250' title='bbox 1162 3734 1215 3776; x_wconf 83' lang='lat' dir='ltr'><strong>ur·</strong></span> 
     </span>
     <span class='ocr_line' id='line_1_31' title="bbox 176 3825 1217 3909; baseline 0 -14"><span class='ocrx_word' id='word_1_251' title='bbox 176 3835 292 3896; x_wconf 78' lang='lat' dir='ltr'><strong>ceolum</strong></span> <span class='ocrx_word' id='word_1_252' title='bbox 315 3838 560 3909; x_wconf 86' lang='lat' dir='ltr'><strong>ministratorium</strong></span> <span class='ocrx_word' id='word_1_253' title='bbox 580 3836 747 3908; x_wconf 80' lang='lat' dir='ltr'><strong>traductum</strong></span> <span class='ocrx_word' id='word_1_254' title='bbox 763 3839 817 3896; x_wconf 89' lang='lat' dir='ltr'><strong>est.</strong></span> <span class='ocrx_word' id='word_1_255' title='bbox 861 3834 939 3896; x_wconf 89' lang='lat' dir='ltr'><strong>Usus</strong></span> <span class='ocrx_word' id='word_1_256' title='bbox 961 3840 1026 3895; x_wconf 87' lang='lat' dir='ltr'><strong>erat</strong></span> <span class='ocrx_word' id='word_1_257' title='bbox 1048 3834 1104 3895; x_wconf 92' lang='lat' dir='ltr'><strong>hoc</strong></span> <span class='ocrx_word' id='word_1_258' title='bbox 1126 3825 1217 3896; x_wconf 74' lang='lat' dir='ltr'><strong>¹vocla-</strong></span> 
     </span>
     <span class='ocr_line' id='line_1_32' title="bbox 177 3947 1214 4033; baseline -0.003 -20"><span class='ocrx_word' id='word_1_259' title='bbox 177 3952 248 4014; x_wconf 90' lang='lat' dir='ltr'><strong>hulo</strong></span> <span class='ocrx_word' id='word_1_260' title='bbox 271 3952 464 4032; x_wconf 87' lang='lat' dir='ltr'><strong>Zenophancs</strong></span> <span class='ocrx_word' id='word_1_261' title='bbox 485 3955 604 4032; x_wconf 85' lang='lat' dir='ltr'><strong>quidam</strong></span> <span class='ocrx_word' id='word_1_262' title='bbox 627 3971 673 4033; x_wconf 90' lang='lat' dir='ltr'><strong>ap.</strong></span> <span class='ocrx_word' id='word_1_263' title='bbox 696 3954 766 4014; x_wconf 82' lang='lat' dir='ltr'><strong>Ath.</strong></span> <span class='ocrx_word' id='word_1_264' title='bbox 780 3953 821 4032; x_wconf 88' lang='lat' dir='ltr'><strong>X,</strong></span> <span class='ocrx_word' id='word_1_265' title='bbox 842 3947 916 4030; x_wconf 77' lang='lat'><strong>424,</strong></span> <span class='ocrx_word' id='word_1_266' title='bbox 939 3971 966 4033; x_wconf 89' lang='lat' dir='ltr'><strong>c,</strong></span> <span class='ocrx_word' id='word_1_267' title='bbox 991 3958 1022 4014; x_wconf 87' lang='lat' dir='ltr'><strong>ot</strong></span> <span class='ocrx_word' id='word_1_268' title='bbox 1045 3953 1214 4031; x_wconf 81' lang='lat' dir='ltr'><strong>Stephanus</strong></span> 
     </span>
    </p>
   </div>
   <div class='ocr_carea' id='block_1_5' title="bbox 0 0 1448 4576">
    <p class='ocr_par' dir='ltr' id='par_1_5' title="bbox 0 0 1448 4576">
     <span class='ocr_line' id='line_1_33' title="bbox 0 0 1448 4576; baseline 0 2"><span class='ocrx_word' id='word_1_269' title='bbox 0 0 1448 4576; x_wconf 95' lang='lat' dir='ltr'><strong> </strong></span> 
     </span>
    </p>
   </div>
  </div>
 </body>
</html>
