<?xml version="1.0" encoding="UTF-8"?>
<!DOCTYPE html PUBLIC "-//W3C//DTD XHTML 1.0 Transitional//EN"
    "http://www.w3.org/TR/xhtml1/DTD/xhtml1-transitional.dtd">
<html xmlns="http://www.w3.org/1999/xhtml" xml:lang="en" lang="en">
 <head>
  <title>
</title>
<meta http-equiv="Content-Type" content="text/html;charset=utf-8" />
  <meta name='ocr-system' content='tesseract 3.04.00' />
  <meta name='ocr-capabilities' content='ocr_page ocr_carea ocr_par ocr_line ocrx_word'/>
</head>
<body>
  <div class='ocr_page' id='page_1' title='image "./denominibusvaso01ussigoog_0029.png"; bbox 0 0 2876 4580; ppageno 0'>
   <div class='ocr_carea' id='block_1_1' title="bbox 632 217 676 282">
    <p class='ocr_par' dir='ltr' id='par_1_1' title="bbox 632 217 676 282">
     <span class='ocr_line' id='line_1_1' title="bbox 632 217 676 282; baseline 0 0"><span class='ocrx_word' id='word_1_1' title='bbox 632 217 676 282; x_wconf 69' lang='lat'><strong>23</strong></span> 
     </span>
    </p>
   </div>
   <div class='ocr_carea' id='block_1_2' title="bbox 134 419 1175 740">
    <p class='ocr_par' dir='ltr' id='par_1_2' title="bbox 134 419 1175 740">
     <span class='ocr_line' id='line_1_2' title="bbox 134 419 1175 504; baseline 0.001 -22"><span class='ocrx_word' id='word_1_2' title='bbox 134 423 212 498; x_wconf 78' lang='lat' dir='ltr'><strong>dem,</strong></span> <span class='ocrx_word' id='word_1_3' title='bbox 236 439 284 482; x_wconf 88' lang='lat' dir='ltr'><strong>me</strong></span> <span class='ocrx_word' id='word_1_4' title='bbox 307 421 343 482; x_wconf 88' lang='lat' dir='ltr'><strong>ad</strong></span> <span class='ocrx_word' id='word_1_5' title='bbox 366 421 456 481; x_wconf 79' lang='lat' dir='ltr'><strong>sunem</strong></span> <span class='ocrx_word' id='word_1_6' title='bbox 480 419 653 498; x_wconf 85' lang='lat' dir='ltr'>perduxisse</span> <span class='ocrx_word' id='word_1_7' title='bbox 674 419 751 480; x_wconf 80' lang='lat' dir='ltr'><strong>banc</strong></span> <span class='ocrx_word' id='word_1_8' title='bbox 773 439 847 504; x_wconf 87' lang='lat' dir='ltr'>rem,</span> <span class='ocrx_word' id='word_1_9' title='bbox 872 423 925 484; x_wconf 87' lang='lat' dir='ltr'><strong>esd</strong></span> <span class='ocrx_word' id='word_1_10' title='bbox 948 424 978 482; x_wconf 93' lang='lat' dir='ltr'><strong>in</strong></span> <span class='ocrx_word' id='word_1_11' title='bbox 993 422 1084 486; x_wconf 86' lang='lat' dir='ltr'><strong>iuturi</strong></span> <span class='ocrx_word' id='word_1_12' title='bbox 1099 429 1175 486; x_wconf 75' lang='lat' dir='ltr'><strong>tem.</strong></span> 
     </span>
     <span class='ocr_line' id='line_1_3' title="bbox 135 539 1175 620; baseline 0.005 -20"><span class='ocrx_word' id='word_1_13' title='bbox 135 541 216 619; x_wconf 87' lang='lat' dir='ltr'><strong>ponis</strong></span> <span class='ocrx_word' id='word_1_14' title='bbox 238 558 324 619; x_wconf 86' lang='lat' dir='ltr'>spem</span> <span class='ocrx_word' id='word_1_15' title='bbox 345 539 492 616; x_wconf 82' lang='lat' dir='ltr'><strong>laboravi,</strong></span> <span class='ocrx_word' id='word_1_16' title='bbox 525 543 556 600; x_wconf 84' lang='lat' dir='ltr'><strong>at</strong></span> <span class='ocrx_word' id='word_1_17' title='bbox 578 555 666 616; x_wconf 85' lang='lat' dir='ltr'><strong>quam</strong></span> <span class='ocrx_word' id='word_1_18' title='bbox 689 539 753 616; x_wconf 84' lang='lat' dir='ltr'>ipse</span> <span class='ocrx_word' id='word_1_19' title='bbox 773 540 851 601; x_wconf 85' lang='lat' dir='ltr'><strong>uiam</strong></span> <span class='ocrx_word' id='word_1_20' title='bbox 873 540 991 620; x_wconf 80' lang='lat' dir='ltr'><strong>longam</strong></span> <span class='ocrx_word' id='word_1_21' title='bbox 1013 546 1045 603; x_wconf 86' lang='lat' dir='ltr'><strong>et</strong></span> <span class='ocrx_word' id='word_1_22' title='bbox 1066 543 1175 604; x_wconf 87' lang='lat' dir='ltr'><strong>iuriam</strong></span> 
     </span>
     <span class='ocr_line' id='line_1_4' title="bbox 134 657 1174 740; baseline 0 -20"><span class='ocrx_word' id='word_1_23' title='bbox 134 657 350 734; x_wconf 73' lang='lat' dir='ltr'><strong>confecissem,</strong></span> <span class='ocrx_word' id='word_1_24' title='bbox 372 675 435 718; x_wconf 86' lang='lat' dir='ltr'><strong>eam</strong></span> <span class='ocrx_word' id='word_1_25' title='bbox 457 657 483 718; x_wconf 90' lang='lat' dir='ltr'><strong>si</strong></span> <span class='ocrx_word' id='word_1_26' title='bbox 505 675 563 718; x_wconf 90' lang='lat' dir='ltr'><strong>non</strong></span> <span class='ocrx_word' id='word_1_27' title='bbox 586 659 747 740; x_wconf 86' lang='lat' dir='ltr'><strong>munitam,</strong></span> <span class='ocrx_word' id='word_1_28' title='bbox 784 663 816 720; x_wconf 81' lang='lat' dir='ltr'><strong>at</strong></span> <span class='ocrx_word' id='word_1_29' title='bbox 836 659 990 738; x_wconf 85' lang='lat' dir='ltr'><strong>aliquanto</strong></span> <span class='ocrx_word' id='word_1_30' title='bbox 1010 659 1174 739; x_wconf 77' lang='lat' dir='ltr'>expeditio·</span> 
     </span>
    </p>
   </div>
   <div class='ocr_carea' id='block_1_3' title="bbox 26 775 1175 855">
    <p class='ocr_par' dir='ltr' id='par_1_3' title="bbox 26 775 1175 855">
     <span class='ocr_line' id='line_1_5' title="bbox 26 775 1175 855; baseline 0.003 -20"><span class='ocrx_word' id='word_1_31' title='bbox 26 788 29 794; x_wconf 85' lang='lat'>·</span> <span class='ocrx_word' id='word_1_32' title='bbox 135 795 198 836; x_wconf 91' lang='lat' dir='ltr'><strong>rem</strong></span> <span class='ocrx_word' id='word_1_33' title='bbox 220 778 331 838; x_wconf 83' lang='lat' dir='ltr'>ceteris</span> <span class='ocrx_word' id='word_1_34' title='bbox 352 777 521 855; x_wconf 78' lang='lat' dir='ltr'>relinquere</span> <span class='ocrx_word' id='word_1_35' title='bbox 543 775 708 855; x_wconf 85' lang='lat' dir='ltr'><strong>cupiebam,</strong></span> <span class='ocrx_word' id='word_1_36' title='bbox 730 780 900 854; x_wconf 86' lang='lat' dir='ltr'><strong>contentus,</strong></span> <span class='ocrx_word' id='word_1_37' title='bbox 923 778 949 838; x_wconf 90' lang='lat' dir='ltr'><strong>si</strong></span> <span class='ocrx_word' id='word_1_38' title='bbox 970 779 1095 840; x_wconf 86' lang='lat' dir='ltr'><strong>detectis</strong></span> <span class='ocrx_word' id='word_1_39' title='bbox 1117 777 1175 838; x_wconf 89' lang='lat' dir='ltr'><strong>ali·</strong></span> 
     </span>
    </p>
   </div>
   <div class='ocr_carea' id='block_1_4' title="bbox 122 895 1175 1451">
    <p class='ocr_par' dir='ltr' id='par_1_4' title="bbox 122 895 1175 1330">
     <span class='ocr_line' id='line_1_6' title="bbox 134 895 1173 971; baseline 0.005 -17"><span class='ocrx_word' id='word_1_40' title='bbox 134 913 221 958; x_wconf 83' lang='lat' dir='ltr'><strong>orum</strong></span> <span class='ocrx_word' id='word_1_41' title='bbox 249 895 401 965; x_wconf 72' lang='lat' dir='ltr'>erroribus</span> <span class='ocrx_word' id='word_1_42' title='bbox 429 895 590 954; x_wconf 86' lang='lat' dir='ltr'>rectiorem</span> <span class='ocrx_word' id='word_1_43' title='bbox 617 895 771 971; x_wconf 77' lang='lat' dir='ltr'><strong>querendi</strong></span> <span class='ocrx_word' id='word_1_44' title='bbox 791 897 869 957; x_wconf 73' lang='lat' dir='ltr'><strong>amm</strong></span> <span class='ocrx_word' id='word_1_45' title='bbox 891 902 1056 957; x_wconf 83' lang='lat' dir='ltr'><strong>monstrare</strong></span> <span class='ocrx_word' id='word_1_46' title='bbox 1078 898 1173 959; x_wconf 85' lang='lat' dir='ltr'><strong>cnuti·</strong></span> 
     </span>
     <span class='ocr_line' id='line_1_7' title="bbox 122 1012 1175 1094; baseline 0.004 -22"><span class='ocrx_word' id='word_1_47' title='bbox 122 1015 238 1090; x_wconf 58' lang='lat' dir='ltr'><strong>gisnei.</strong></span> <span class='ocrx_word' id='word_1_48' title='bbox 281 1012 340 1074; x_wconf 86' lang='lat' dir='ltr'><strong>Sed</strong></span> <span class='ocrx_word' id='word_1_49' title='bbox 362 1017 521 1091; x_wconf 85' lang='lat' dir='ltr'><strong>antequam</strong></span> <span class='ocrx_word' id='word_1_50' title='bbox 544 1015 675 1074; x_wconf 82' lang='lat' dir='ltr'><strong>nostram</strong></span> <span class='ocrx_word' id='word_1_51' title='bbox 698 1016 842 1076; x_wconf 87' lang='lat' dir='ltr'><strong>rationem</strong></span> <span class='ocrx_word' id='word_1_52' title='bbox 865 1015 1063 1094; x_wconf 79' lang='lat' dir='ltr'>explicamus,</span> <span class='ocrx_word' id='word_1_53' title='bbox 1085 1014 1175 1078; x_wconf 86' lang='lat' dir='ltr'><strong>liceat</strong></span> 
     </span>
     <span class='ocr_line' id='line_1_8' title="bbox 134 1115 1175 1214; baseline 0.005 -23"><span class='ocrx_word' id='word_1_54' title='bbox 134 1133 290 1192; x_wconf 80' lang='lat' dir='ltr'><strong>cautiones</strong></span> <span class='ocrx_word' id='word_1_55' title='bbox 312 1133 455 1210; x_wconf 87' lang='lat' dir='ltr'><strong>quasdam</strong></span> <span class='ocrx_word' id='word_1_56' title='bbox 477 1147 654 1212; x_wconf 81' lang='lat' dir='ltr'>proponere,</span> <span class='ocrx_word' id='word_1_57' title='bbox 678 1149 745 1211; x_wconf 82' lang='lat' dir='ltr'><strong>qum</strong></span> <span class='ocrx_word' id='word_1_58' title='bbox 768 1115 946 1212; x_wconf 79' lang='lat' dir='ltr'><strong>qua&#39;mquam</strong></span> <span class='ocrx_word' id='word_1_59' title='bbox 968 1134 1121 1214; x_wconf 86' lang='lat' dir='ltr'><strong>simplices</strong></span> <span class='ocrx_word' id='word_1_60' title='bbox 1142 1140 1175 1196; x_wconf 82' lang='grc' dir='ltr'><strong>ει</strong></span> 
     </span>
     <span class='ocr_line' id='line_1_9' title="bbox 135 1250 933 1330; baseline 0.005 -21"><span class='ocrx_word' id='word_1_61' title='bbox 135 1250 165 1309; x_wconf 90' lang='lat' dir='ltr'><strong>in</strong></span> <span class='ocrx_word' id='word_1_62' title='bbox 188 1253 328 1328; x_wconf 85' lang='lat' dir='ltr'><strong>promptu</strong></span> <span class='ocrx_word' id='word_1_63' title='bbox 350 1254 432 1325; x_wconf 74' lang='lat' dir='ltr'><strong>suni,</strong></span> <span class='ocrx_word' id='word_1_64' title='bbox 455 1253 555 1310; x_wconf 88' lang='lat' dir='ltr'><strong>tamen</strong></span> <span class='ocrx_word' id='word_1_65' title='bbox 579 1266 637 1310; x_wconf 92' lang='lat' dir='ltr'><strong>non</strong></span> <span class='ocrx_word' id='word_1_66' title='bbox 660 1267 778 1330; x_wconf 81' lang='lat' dir='ltr'>semper</span> <span class='ocrx_word' id='word_1_67' title='bbox 799 1255 933 1313; x_wconf 79' lang='lat' dir='ltr'>servatae.</span> 
     </span>
    </p>

    <p class='ocr_par' dir='ltr' id='par_1_5' title="bbox 232 1365 1174 1451">
     <span class='ocr_line' id='line_1_10' title="bbox 232 1365 1174 1451; baseline 0.007 -26"><span class='ocrx_word' id='word_1_68' title='bbox 232 1365 365 1428; x_wconf 86' lang='lat' dir='ltr'><strong>Primum</strong></span> <span class='ocrx_word' id='word_1_69' title='bbox 394 1369 514 1429; x_wconf 84' lang='lat' dir='ltr'><strong>usitatis</strong></span> <span class='ocrx_word' id='word_1_70' title='bbox 547 1369 716 1430; x_wconf 87' lang='lat' dir='ltr'><strong>nominibus</strong></span> <span class='ocrx_word' id='word_1_71' title='bbox 748 1369 891 1430; x_wconf 85' lang='lat' dir='ltr'><strong>utendum</strong></span> <span class='ocrx_word' id='word_1_72' title='bbox 925 1375 987 1451; x_wconf 84' lang='lat' dir='ltr'>est,</span> <span class='ocrx_word' id='word_1_73' title='bbox 1022 1387 1076 1432; x_wconf 87' lang='lat' dir='ltr'><strong>nec</strong></span> <span class='ocrx_word' id='word_1_74' title='bbox 1102 1373 1174 1450; x_wconf 87' lang='lat' dir='ltr'><strong>quia</strong></span> 
     </span>
    </p>
   </div>
   <div class='ocr_carea' id='block_1_5' title="bbox 5 1485 1175 1685">
    <p class='ocr_par' dir='ltr' id='par_1_6' title="bbox 5 1485 1175 1685">
     <span class='ocr_line' id='line_1_11' title="bbox 5 1485 1175 1568; baseline 0.006 -24"><span class='ocrx_word' id='word_1_75' title='bbox 5 1529 7 1552; x_wconf 50' lang='lat'><em>2</em></span> <span class='ocrx_word' id='word_1_76' title='bbox 134 1502 236 1546; x_wconf 83' lang='lat' dir='ltr'><strong>rarum</strong></span> <span class='ocrx_word' id='word_1_77' title='bbox 264 1485 385 1566; x_wconf 78' lang='lat' dir='ltr'><strong>aliquod</strong></span> <span class='ocrx_word' id='word_1_78' title='bbox 414 1503 521 1546; x_wconf 87' lang='lat' dir='ltr'><strong>nomen</strong></span> <span class='ocrx_word' id='word_1_79' title='bbox 550 1504 567 1548; x_wconf 91' lang='lat' dir='ltr'><strong>a</strong></span> <span class='ocrx_word' id='word_1_80' title='bbox 595 1489 786 1564; x_wconf 83' lang='lat' dir='ltr'><strong>grammatico</strong></span> <span class='ocrx_word' id='word_1_81' title='bbox 808 1487 910 1566; x_wconf 83' lang='lat' dir='ltr'><strong>aliquo</strong></span> <span class='ocrx_word' id='word_1_82' title='bbox 931 1489 974 1549; x_wconf 87' lang='lat' dir='ltr'><strong>ita</strong></span> <span class='ocrx_word' id='word_1_83' title='bbox 995 1489 1175 1568; x_wconf 82' lang='lat' dir='ltr'><strong>explicatum</strong></span> 
     </span>
     <span class='ocr_line' id='line_1_12' title="bbox 5 1599 1172 1685; baseline 0.002 -19"><span class='ocrx_word' id='word_1_84' title='bbox 5 1649 7 1666; x_wconf 74' lang='grc'><strong>,</strong></span> <span class='ocrx_word' id='word_1_85' title='bbox 134 1609 198 1682; x_wconf 82' lang='grc' dir='ltr'><strong>εει,</strong></span> <span class='ocrx_word' id='word_1_86' title='bbox 231 1610 267 1664; x_wconf 91' lang='lat' dir='ltr'><strong>ut</strong></span> <span class='ocrx_word' id='word_1_87' title='bbox 288 1599 449 1682; x_wconf 78' lang='lat' dir='ltr'><strong>descriptio</strong></span> <span class='ocrx_word' id='word_1_88' title='bbox 472 1605 537 1666; x_wconf 88' lang='lat' dir='ltr'><strong>eius</strong></span> <span class='ocrx_word' id='word_1_89' title='bbox 559 1607 717 1666; x_wconf 84' lang='lat' dir='ltr'><strong>conuenire</strong></span> <span class='ocrx_word' id='word_1_90' title='bbox 739 1607 835 1684; x_wconf 88' lang='lat' dir='ltr'><strong>possit</strong></span> <span class='ocrx_word' id='word_1_91' title='bbox 856 1623 926 1668; x_wconf 76' lang='lat' dir='ltr'><strong>oum</strong></span> <span class='ocrx_word' id='word_1_92' title='bbox 946 1623 1000 1684; x_wconf 82' lang='lat' dir='ltr'>eo,</span> <span class='ocrx_word' id='word_1_93' title='bbox 1032 1608 1112 1685; x_wconf 86' lang='lat' dir='ltr'><strong>quod</strong></span> <span class='ocrx_word' id='word_1_94' title='bbox 1141 1608 1172 1668; x_wconf 94' lang='lat' dir='ltr'><strong>in</strong></span> 
     </span>
    </p>
   </div>
   <div class='ocr_carea' id='block_1_6' title="bbox 133 1722 1172 1806">
    <p class='ocr_par' dir='ltr' id='par_1_7' title="bbox 133 1722 1172 1806">
     <span class='ocr_line' id='line_1_13' title="bbox 133 1722 1172 1806; baseline 0.005 -24"><span class='ocrx_word' id='word_1_95' title='bbox 133 1722 271 1783; x_wconf 89' lang='lat' dir='ltr'><strong>manibus</strong></span> <span class='ocrx_word' id='word_1_96' title='bbox 283 1727 341 1802; x_wconf 71' lang='lat' dir='ltr'>est,</span> <span class='ocrx_word' id='word_1_97' title='bbox 363 1722 493 1802; x_wconf 75' lang='lat' dir='ltr'><strong>umento,</strong></span> <span class='ocrx_word' id='word_1_98' title='bbox 506 1722 873 1806; x_wconf 81' lang='lat' dir='ltr'><strong>continuoarripiendum3</strong></span> <span class='ocrx_word' id='word_1_99' title='bbox 896 1724 1006 1786; x_wconf 88' lang='lat' dir='ltr'><strong>imoob</strong></span> <span class='ocrx_word' id='word_1_100' title='bbox 1018 1724 1047 1786; x_wconf 92' lang='lat' dir='ltr'><strong>id</strong></span> <span class='ocrx_word' id='word_1_101' title='bbox 1064 1727 1172 1806; x_wconf 88' lang='lat' dir='ltr'><strong>ipsum,</strong></span> 
     </span>
    </p>
   </div>
   <div class='ocr_carea' id='block_1_7' title="bbox 5 1841 1172 1921">
    <p class='ocr_par' dir='ltr' id='par_1_8' title="bbox 5 1841 1172 1921">
     <span class='ocr_line' id='line_1_14' title="bbox 5 1841 1172 1921; baseline -0.002 -15"><span class='ocrx_word' id='word_1_102' title='bbox 5 1869 8 1906; x_wconf 70' lang='lat' dir='ltr'><strong>n</strong></span> <span class='ocrx_word' id='word_1_103' title='bbox 133 1843 204 1918; x_wconf 86' lang='lat' dir='ltr'><strong>quia</strong></span> <span class='ocrx_word' id='word_1_104' title='bbox 225 1857 327 1902; x_wconf 86' lang='lat' dir='ltr'><strong>rarum</strong></span> <span class='ocrx_word' id='word_1_105' title='bbox 349 1846 381 1901; x_wconf 90' lang='lat' dir='ltr'><strong>et</strong></span> <span class='ocrx_word' id='word_1_106' title='bbox 403 1841 554 1902; x_wconf 90' lang='lat' dir='ltr'><strong>insolitum</strong></span> <span class='ocrx_word' id='word_1_107' title='bbox 576 1842 750 1903; x_wconf 83' lang='lat' dir='ltr'><strong>vocabulum</strong></span> <span class='ocrx_word' id='word_1_108' title='bbox 772 1846 832 1919; x_wconf 70' lang='lat' dir='ltr'>est,</span> <span class='ocrx_word' id='word_1_109' title='bbox 854 1844 1093 1921; x_wconf 81' lang='lat' dir='ltr'><strong>aspernandum:</strong></span> <span class='ocrx_word' id='word_1_110' title='bbox 1115 1846 1172 1904; x_wconf 92' lang='lat' dir='ltr'><strong>nisi</strong></span> 
     </span>
    </p>
   </div>
   <div class='ocr_carea' id='block_1_8' title="bbox 133 1958 1173 2632">
    <p class='ocr_par' dir='ltr' id='par_1_9' title="bbox 134 1958 1037 2038">
     <span class='ocr_line' id='line_1_15' title="bbox 134 1958 1037 2038; baseline 0.004 -19"><span class='ocrx_word' id='word_1_111' title='bbox 134 1958 212 2024; x_wconf 81' lang='lat' dir='ltr'><strong>ioris</strong></span> <span class='ocrx_word' id='word_1_112' title='bbox 232 1975 285 2019; x_wconf 81' lang='lat' dir='ltr'><strong>nas</strong></span> <span class='ocrx_word' id='word_1_113' title='bbox 308 1960 405 2038; x_wconf 90' lang='lat' dir='ltr'><strong>ipsum</strong></span> <span class='ocrx_word' id='word_1_114' title='bbox 428 1977 487 2020; x_wconf 92' lang='lat' dir='ltr'><strong>non</strong></span> <span class='ocrx_word' id='word_1_115' title='bbox 509 1962 607 2021; x_wconf 89' lang='lat' dir='ltr'><strong>minus</strong></span> <span class='ocrx_word' id='word_1_116' title='bbox 629 1978 730 2022; x_wconf 89' lang='lat' dir='ltr'><strong>rarum</strong></span> <span class='ocrx_word' id='word_1_117' title='bbox 752 1966 853 2021; x_wconf 90' lang='lat' dir='ltr'>estet</span> <span class='ocrx_word' id='word_1_118' title='bbox 875 1961 1037 2023; x_wconf 87' lang='lat' dir='ltr'><strong>insolitum.</strong></span> 
     </span>
    </p>

    <p class='ocr_par' dir='ltr' id='par_1_10' title="bbox 5 2077 1173 2652">
     <span class='ocr_line' id='line_1_16' title="bbox 217 2077 1173 2160; baseline 0.004 -22"><span class='ocrx_word' id='word_1_119' title='bbox 217 2077 295 2138; x_wconf 86' lang='lat' dir='ltr'><strong>Tum</strong></span> <span class='ocrx_word' id='word_1_120' title='bbox 318 2083 451 2157; x_wconf 80' lang='lat' dir='ltr'><strong>tempora</strong></span> <span class='ocrx_word' id='word_1_121' title='bbox 473 2083 613 2140; x_wconf 84' lang='lat' dir='ltr'><strong>accurate</strong></span> <span class='ocrx_word' id='word_1_122' title='bbox 636 2078 775 2156; x_wconf 66' lang='lat' dir='ltr'><strong>nomndn,</strong></span> <span class='ocrx_word' id='word_1_123' title='bbox 799 2096 865 2160; x_wconf 77' lang='lat' dir='ltr'><strong>nec,</strong></span> <span class='ocrx_word' id='word_1_124' title='bbox 885 2081 913 2139; x_wconf 92' lang='lat' dir='ltr'><strong>si</strong></span> <span class='ocrx_word' id='word_1_125' title='bbox 937 2079 1001 2138; x_wconf 80' lang='lat' dir='ltr'><strong>laren</strong></span> <span class='ocrx_word' id='word_1_126' title='bbox 1021 2095 1092 2140; x_wconf 79' lang='lat' dir='ltr'><strong>vasa</strong></span> <span class='ocrx_word' id='word_1_127' title='bbox 1109 2077 1173 2144; x_wconf 80' lang='lat' dir='ltr'><strong>Ho-</strong></span> 
     </span>
     <span class='ocr_line' id='line_1_17' title="bbox 134 2195 1171 2275; baseline 0 -17"><span class='ocrx_word' id='word_1_128' title='bbox 134 2197 253 2258; x_wconf 77' lang='lat' dir='ltr'><strong>mericus</strong></span> <span class='ocrx_word' id='word_1_129' title='bbox 275 2198 372 2257; x_wconf 85' lang='lat' dir='ltr'><strong>aetatia</strong></span> <span class='ocrx_word' id='word_1_130' title='bbox 395 2213 453 2256; x_wconf 93' lang='lat' dir='ltr'><strong>non</strong></span> <span class='ocrx_word' id='word_1_131' title='bbox 475 2195 611 2275; x_wconf 79' lang='lat' dir='ltr'><strong>luerunt,</strong></span> <span class='ocrx_word' id='word_1_132' title='bbox 644 2195 814 2256; x_wconf 80' lang='lat' dir='ltr'><strong>Homericis</strong></span> <span class='ocrx_word' id='word_1_133' title='bbox 834 2196 1004 2259; x_wconf 80' lang='lat' dir='ltr'><strong>nominibus</strong></span> <span class='ocrx_word' id='word_1_134' title='bbox 1027 2197 1070 2256; x_wconf 88' lang='lat' dir='ltr'><strong>uti</strong></span> <span class='ocrx_word' id='word_1_135' title='bbox 1092 2196 1171 2258; x_wconf 84' lang='lat' dir='ltr'>lieet.</span> 
     </span>
     <span class='ocr_line' id='line_1_18' title="bbox 133 2310 1173 2393; baseline 0.002 -19"><span class='ocrx_word' id='word_1_136' title='bbox 133 2311 236 2391; x_wconf 83' lang='lat' dir='ltr'><strong>Quum</strong></span> <span class='ocrx_word' id='word_1_137' title='bbox 259 2316 351 2393; x_wconf 83' lang='lat' dir='ltr'><strong>igilur</strong></span> <span class='ocrx_word' id='word_1_138' title='bbox 371 2315 532 2379; x_wconf 82' lang='lat' dir='ltr'><strong>uiderimus</strong></span> <span class='ocrx_word' id='word_1_139' title='bbox 554 2319 599 2393; x_wconf 87' lang='lat' dir='ltr'><strong>(p.</strong></span> <span class='ocrx_word' id='word_1_140' title='bbox 624 2310 691 2392; x_wconf 79' lang='lat'>15),</span> <span class='ocrx_word' id='word_1_141' title='bbox 713 2314 825 2393; x_wconf 87' lang='lat' dir='ltr'><strong>optima</strong></span> <span class='ocrx_word' id='word_1_142' title='bbox 847 2319 879 2374; x_wconf 88' lang='lat' dir='ltr'><strong>st</strong></span> <span class='ocrx_word' id='word_1_143' title='bbox 899 2315 1097 2392; x_wconf 84' lang='lat' dir='ltr'><strong>pulcherrima</strong></span> <span class='ocrx_word' id='word_1_144' title='bbox 1118 2315 1173 2376; x_wconf 72' lang='lat' dir='ltr'><strong>ln</strong></span> 
     </span>
     <span class='ocr_line' id='line_1_19' title="bbox 133 2431 1169 2514; baseline 0.001 -21"><span class='ocrx_word' id='word_1_145' title='bbox 133 2433 192 2493; x_wconf 88' lang='lat' dir='ltr'><strong>tica</strong></span> <span class='ocrx_word' id='word_1_146' title='bbox 213 2449 299 2504; x_wconf 85' lang='lat' dir='ltr'>esse,</span> <span class='ocrx_word' id='word_1_147' title='bbox 322 2436 371 2512; x_wconf 74' lang='lat' dir='ltr'><strong>et,</strong></span> <span class='ocrx_word' id='word_1_148' title='bbox 396 2437 429 2493; x_wconf 89' lang='lat' dir='ltr'><strong>ut</strong></span> <span class='ocrx_word' id='word_1_149' title='bbox 452 2431 604 2512; x_wconf 75' lang='lat' dir='ltr'><strong>probabile</strong></span> <span class='ocrx_word' id='word_1_150' title='bbox 627 2436 688 2514; x_wconf 87' lang='lat' dir='ltr'>est,</span> <span class='ocrx_word' id='word_1_151' title='bbox 713 2435 808 2510; x_wconf 89' lang='lat' dir='ltr'><strong>quinti</strong></span> <span class='ocrx_word' id='word_1_152' title='bbox 832 2438 863 2495; x_wconf 88' lang='lat' dir='ltr'><strong>et</strong></span> <span class='ocrx_word' id='word_1_153' title='bbox 885 2436 962 2494; x_wconf 83' lang='lat' dir='ltr'><strong>sexti</strong></span> <span class='ocrx_word' id='word_1_154' title='bbox 984 2433 1098 2513; x_wconf 75' lang='lat' dir='ltr'><strong>saculi,</strong></span> <span class='ocrx_word' id='word_1_155' title='bbox 1119 2451 1169 2494; x_wconf 80' lang='lat' dir='ltr'><strong>nn·</strong></span> 
     </span>
     <span class='ocr_line' id='line_1_20' title="bbox 133 2550 1171 2632; baseline 0.002 -21.78"><span class='ocrx_word' id='word_1_156' title='bbox 133 2552 216 2629; x_wconf 84' lang='lat' dir='ltr'><strong>tiqua</strong></span> <span class='ocrx_word' id='word_1_157' title='bbox 239 2550 339 2612; x_wconf 85' lang='lat' dir='ltr'><strong>Attica</strong></span> <span class='ocrx_word' id='word_1_158' title='bbox 367 2553 487 2612; x_wconf 89' lang='lat' dir='ltr'><strong>uomina</strong></span> <span class='ocrx_word' id='word_1_159' title='bbox 514 2551 650 2627; x_wconf 80' lang='lat' dir='ltr'><strong>eligenda</strong></span> <span class='ocrx_word' id='word_1_160' title='bbox 678 2555 766 2632; x_wconf 81' lang='lat' dir='ltr'><strong>sunt3</strong></span> <span class='ocrx_word' id='word_1_161' title='bbox 806 2569 927 2630; x_wconf 73' lang='lat' dir='ltr'>verum,</span> <span class='ocrx_word' id='word_1_162' title='bbox 962 2551 1057 2612; x_wconf 84' lang='lat' dir='ltr'><strong>sicubi</strong></span> <span class='ocrx_word' id='word_1_163' title='bbox 1079 2552 1171 2614; x_wconf 79' lang='lat' dir='ltr'><strong>Attici</strong></span> 
     </span>
    </p>
   </div>
   <div class='ocr_carea' id='block_1_9' title="bbox 5 2669 1265 2865">
    <p class='ocr_par' dir='ltr' id='par_1_11' title="bbox 5 2667 1265 2865">
     <span class='ocr_line' id='line_1_21' title="bbox 133 2669 1173 2751; baseline 0 -21"><span class='ocrx_word' id='word_1_164' title='bbox 133 2671 295 2750; x_wconf 76' lang='lat' dir='ltr'><strong>scriptores</strong></span> <span class='ocrx_word' id='word_1_165' title='bbox 316 2669 491 2750; x_wconf 72' lang='lat' dir='ltr'><strong>defecerint,</strong></span> <span class='ocrx_word' id='word_1_166' title='bbox 514 2669 633 2730; x_wconf 78' lang='lat' dir='ltr'><strong>aliunde</strong></span> <span class='ocrx_word' id='word_1_167' title='bbox 654 2671 913 2750; x_wconf 82' lang='lat' dir='ltr'><strong>compensandum,</strong></span> <span class='ocrx_word' id='word_1_168' title='bbox 938 2673 978 2732; x_wconf 83' lang='lat' dir='ltr'><strong>iia</strong></span> <span class='ocrx_word' id='word_1_169' title='bbox 1001 2675 1111 2751; x_wconf 69' lang='lat' dir='ltr'><strong>umen,</strong></span> <span class='ocrx_word' id='word_1_170' title='bbox 1135 2689 1173 2731; x_wconf 88' lang='lat' dir='ltr'><strong>ue</strong></span> 
     </span>
     <span class='ocr_line' id='line_1_22' title="bbox 5 2787 1265 2865; baseline 0 -17"><span class='ocrx_word' id='word_1_171' title='bbox 5 2845 7 2858; x_wconf 76' lang='grc'><strong>,</strong></span> <span class='ocrx_word' id='word_1_172' title='bbox 133 2787 229 2848; x_wconf 84' lang='lat' dir='ltr'><strong>ullum</strong></span> <span class='ocrx_word' id='word_1_173' title='bbox 258 2805 365 2850; x_wconf 82' lang='lat' dir='ltr'><strong>nornen</strong></span> <span class='ocrx_word' id='word_1_174' title='bbox 395 2788 588 2864; x_wconf 79' lang='lat' dir='ltr'><strong>adhibeatur,</strong></span> <span class='ocrx_word' id='word_1_175' title='bbox 623 2788 704 2865; x_wconf 89' lang='lat' dir='ltr'><strong>qued</strong></span> <span class='ocrx_word' id='word_1_176' title='bbox 733 2789 782 2850; x_wconf 87' lang='lat' dir='ltr'><strong>illa</strong></span> <span class='ocrx_word' id='word_1_177' title='bbox 809 2793 896 2850; x_wconf 75' lang='lat' dir='ltr'>elate</span> <span class='ocrx_word' id='word_1_178' title='bbox 922 2793 976 2850; x_wconf 87' lang='lat' dir='ltr'><strong>aut</strong></span> <span class='ocrx_word' id='word_1_179' title='bbox 1006 2788 1173 2849; x_wconf 80' lang='lat' dir='ltr'><strong>obsoletum</strong></span> <span class='ocrx_word' id='word_1_180' title='bbox 1264 2827 1265 2830; x_wconf 56' lang='lat'><em>=</em></span> 
     </span>
    </p>
   </div>
   <div class='ocr_carea' id='block_1_10' title="bbox 5 2904 734 2992">
    <p class='ocr_par' dir='ltr' id='par_1_12' title="bbox 5 2881 734 2992">
     <span class='ocr_line' id='line_1_23' title="bbox 5 2904 734 2992; baseline -0.004 -23"><span class='ocrx_word' id='word_1_181' title='bbox 5 2939 7 2992; x_wconf 48' lang='lat' dir='ltr'>g</span> <span class='ocrx_word' id='word_1_182' title='bbox 47 2921 49 2928; x_wconf 81' lang='grc'><em>’</em></span> <span class='ocrx_word' id='word_1_183' title='bbox 133 2911 187 2968; x_wconf 82' lang='lat' dir='ltr'><strong>aui</strong></span> <span class='ocrx_word' id='word_1_184' title='bbox 209 2907 340 2967; x_wconf 90' lang='lat' dir='ltr'><strong>nondum</strong></span> <span class='ocrx_word' id='word_1_185' title='bbox 363 2908 393 2966; x_wconf 90' lang='lat' dir='ltr'><strong>in</strong></span> <span class='ocrx_word' id='word_1_186' title='bbox 415 2921 473 2967; x_wconf 83' lang='lat' dir='ltr'><strong>neu</strong></span> <span class='ocrx_word' id='word_1_187' title='bbox 494 2904 586 2966; x_wconf 87' lang='lat' dir='ltr'><strong>inisse</strong></span> <span class='ocrx_word' id='word_1_188' title='bbox 608 2911 734 2966; x_wconf 84' lang='lat' dir='ltr'><strong>constet.</strong></span> 
     </span>
    </p>
   </div>
   <div class='ocr_carea' id='block_1_11' title="bbox 218 3023 1172 3103">
    <p class='ocr_par' dir='ltr' id='par_1_13' title="bbox 218 3023 1172 3103">
     <span class='ocr_line' id='line_1_24' title="bbox 218 3023 1172 3103; baseline -0.001 -18"><span class='ocrx_word' id='word_1_189' title='bbox 218 3023 368 3102; x_wconf 81' lang='lat' dir='ltr'><strong>Imprimis</strong></span> <span class='ocrx_word' id='word_1_190' title='bbox 390 3024 554 3085; x_wconf 85' lang='lat' dir='ltr'><strong>carendum</strong></span> <span class='ocrx_word' id='word_1_191' title='bbox 576 3028 638 3100; x_wconf 82' lang='lat' dir='ltr'>est,</span> <span class='ocrx_word' id='word_1_192' title='bbox 663 3043 700 3085; x_wconf 89' lang='lat' dir='ltr'><strong>ne</strong></span> <span class='ocrx_word' id='word_1_193' title='bbox 723 3025 793 3103; x_wconf 87' lang='lat' dir='ltr'><strong>quia</strong></span> <span class='ocrx_word' id='word_1_194' title='bbox 815 3025 845 3084; x_wconf 95' lang='lat' dir='ltr'><strong>in</strong></span> <span class='ocrx_word' id='word_1_195' title='bbox 868 3025 979 3084; x_wconf 87' lang='lat' dir='ltr'><strong>mussis</strong></span> <span class='ocrx_word' id='word_1_196' title='bbox 1001 3023 1172 3084; x_wconf 76' lang='lat' dir='ltr'><strong>ordinandis</strong></span> 
     </span>
    </p>
   </div>
   <div class='ocr_carea' id='block_1_12' title="bbox 5 3142 1172 3242">
    <p class='ocr_par' dir='ltr' id='par_1_14' title="bbox 5 3142 1172 3242">
     <span class='ocr_line' id='line_1_25' title="bbox 5 3142 1172 3242; baseline 0.001 -40"><span class='ocrx_word' id='word_1_197' title='bbox 5 3187 7 3242; x_wconf 45' lang='grc' dir='ltr'><strong>ἱ</strong></span> <span class='ocrx_word' id='word_1_198' title='bbox 133 3144 223 3203; x_wconf 79' lang='lat' dir='ltr'>variae</span> <span class='ocrx_word' id='word_1_199' title='bbox 244 3159 383 3202; x_wconf 81' lang='lat' dir='ltr'><strong>vasorum</strong></span> <span class='ocrx_word' id='word_1_200' title='bbox 405 3144 520 3220; x_wconf 88' lang='lat' dir='ltr'>species</span> <span class='ocrx_word' id='word_1_201' title='bbox 549 3147 580 3202; x_wconf 79' lang='lat' dir='ltr'><strong>el</strong></span> <span class='ocrx_word' id='word_1_202' title='bbox 608 3142 710 3203; x_wconf 83' lang='lat' dir='ltr'><strong>iormae</strong></span> <span class='ocrx_word' id='word_1_203' title='bbox 731 3143 902 3220; x_wconf 80' lang='lat' dir='ltr'><strong>separandas</strong></span> <span class='ocrx_word' id='word_1_204' title='bbox 924 3146 1012 3220; x_wconf 70' lang='lat' dir='ltr'><strong>sunt,</strong></span> <span class='ocrx_word' id='word_1_205' title='bbox 1048 3142 1172 3202; x_wconf 84' lang='lat' dir='ltr'><strong>totidem</strong></span> 
     </span>
    </p>
   </div>
   <div class='ocr_carea' id='block_1_13' title="bbox 135 3258 1172 3340">
    <p class='ocr_par' dir='ltr' id='par_1_15' title="bbox 135 3258 1172 3340">
     <span class='ocr_line' id='line_1_26' title="bbox 135 3258 1172 3340; baseline 0 -20"><span class='ocrx_word' id='word_1_206' title='bbox 135 3261 614 3340; x_wconf 72' lang='lat' dir='ltr'><strong>nominanntiquadesideremus,</strong></span> <span class='ocrx_word' id='word_1_207' title='bbox 639 3266 712 3338; x_wconf 84' lang='lat' dir='ltr'><strong>quot</strong></span> <span class='ocrx_word' id='word_1_208' title='bbox 733 3263 849 3339; x_wconf 86' lang='lat' dir='ltr'>species</span> <span class='ocrx_word' id='word_1_209' title='bbox 872 3265 942 3321; x_wconf 80' lang='lat' dir='ltr'><strong>suunt</strong></span> <span class='ocrx_word' id='word_1_210' title='bbox 964 3262 1062 3321; x_wconf 75' lang='lat' dir='ltr'><strong>ruric.</strong></span> <span class='ocrx_word' id='word_1_211' title='bbox 1096 3258 1172 3320; x_wconf 83' lang='lat' dir='ltr'><strong>Nam</strong></span> 
     </span>
    </p>
   </div>
   <div class='ocr_carea' id='block_1_14' title="bbox 5 3375 1173 3693">
    <p class='ocr_par' dir='ltr' id='par_1_16' title="bbox 5 3375 1173 3693">
     <span class='ocr_line' id='line_1_27' title="bbox 5 3375 1172 3468; baseline -0.001 -30"><span class='ocrx_word' id='word_1_212' title='bbox 5 3449 7 3468; x_wconf 27' lang='lat' dir='ltr'><em>J</em></span> <span class='ocrx_word' id='word_1_213' title='bbox 133 3397 214 3457; x_wconf 82' lang='lat' dir='ltr'><strong>saepa</strong></span> <span class='ocrx_word' id='word_1_214' title='bbox 235 3377 355 3438; x_wconf 86' lang='lat' dir='ltr'><strong>vascula</strong></span> <span class='ocrx_word' id='word_1_215' title='bbox 376 3377 478 3438; x_wconf 81' lang='lat' dir='ltr'><strong>lormae</strong></span> <span class='ocrx_word' id='word_1_216' title='bbox 505 3379 577 3438; x_wconf 88' lang='lat' dir='ltr'><strong>salis</strong></span> <span class='ocrx_word' id='word_1_217' title='bbox 607 3379 751 3456; x_wconf 73' lang='lat' dir='ltr'>diverse,</span> <span class='ocrx_word' id='word_1_218' title='bbox 784 3381 854 3458; x_wconf 87' lang='lat' dir='ltr'><strong>quia</strong></span> <span class='ocrx_word' id='word_1_219' title='bbox 888 3378 967 3439; x_wconf 88' lang='lat' dir='ltr'><strong>idem</strong></span> <span class='ocrx_word' id='word_1_220' title='bbox 1000 3395 1073 3440; x_wconf 87' lang='lat' dir='ltr'><strong>usus</strong></span> <span class='ocrx_word' id='word_1_221' title='bbox 1105 3375 1172 3456; x_wconf 80' lang='lat' dir='ltr'><strong>tuit,</strong></span> 
     </span>
     <span class='ocr_line' id='line_1_28' title="bbox 5 3491 1171 3575; baseline -0.004 -17"><span class='ocrx_word' id='word_1_222' title='bbox 5 3491 7 3558; x_wconf 78' lang='lat' dir='ltr'><strong>i</strong></span> <span class='ocrx_word' id='word_1_223' title='bbox 134 3497 240 3558; x_wconf 87' lang='lat' dir='ltr'>eodem</span> <span class='ocrx_word' id='word_1_224' title='bbox 263 3499 383 3556; x_wconf 87' lang='lat' dir='ltr'><strong>nomine</strong></span> <span class='ocrx_word' id='word_1_225' title='bbox 404 3496 550 3575; x_wconf 79' lang='lat' dir='ltr'><strong>appellata</strong></span> <span class='ocrx_word' id='word_1_226' title='bbox 580 3501 668 3571; x_wconf 86' lang='lat' dir='ltr'><strong>sunt,</strong></span> <span class='ocrx_word' id='word_1_227' title='bbox 713 3515 768 3559; x_wconf 91' lang='lat' dir='ltr'><strong>uec</strong></span> <span class='ocrx_word' id='word_1_228' title='bbox 789 3495 884 3558; x_wconf 85' lang='lat' dir='ltr'><strong>Graeci</strong></span> <span class='ocrx_word' id='word_1_229' title='bbox 906 3496 994 3556; x_wconf 84' lang='lat' dir='ltr'><strong>aliter</strong></span> <span class='ocrx_word' id='word_1_230' title='bbox 1015 3494 1072 3556; x_wconf 87' lang='lat' dir='ltr'><strong>hoo</strong></span> <span class='ocrx_word' id='word_1_231' title='bbox 1094 3493 1171 3554; x_wconf 88' lang='lat' dir='ltr'>leoe-</span> 
     </span>
     <span class='ocr_line' id='line_1_29' title="bbox 5 3609 1173 3693; baseline -0.003 -17"><span class='ocrx_word' id='word_1_232' title='bbox 5 3609 7 3638; x_wconf 66' lang='lat'><strong>²</strong></span> <span class='ocrx_word' id='word_1_233' title='bbox 134 3618 215 3692; x_wconf 76' lang='lat' dir='ltr'><strong>runt,</strong></span> <span class='ocrx_word' id='word_1_234' title='bbox 237 3617 326 3693; x_wconf 75' lang='lat' dir='ltr'><strong>alque</strong></span> <span class='ocrx_word' id='word_1_235' title='bbox 349 3633 413 3677; x_wconf 83' lang='lat' dir='ltr'><strong>nus.</strong></span> <span class='ocrx_word' id='word_1_236' title='bbox 457 3613 587 3676; x_wconf 88' lang='lat' dir='ltr'><strong>Omnino</strong></span> <span class='ocrx_word' id='word_1_237' title='bbox 610 3619 670 3675; x_wconf 86' lang='lat' dir='ltr'><strong>tam</strong></span> <span class='ocrx_word' id='word_1_238' title='bbox 692 3614 806 3675; x_wconf 88' lang='lat' dir='ltr'><strong>inlinita</strong></span> <span class='ocrx_word' id='word_1_239' title='bbox 827 3617 874 3674; x_wconf 86' lang='lat' dir='ltr'><strong>est</strong></span> <span class='ocrx_word' id='word_1_240' title='bbox 894 3612 1173 3674; x_wconf 80' lang='lat' dir='ltr'><strong>formarumvarie·</strong></span> 
     </span>
    </p>
   </div>
   <div class='ocr_carea' id='block_1_15' title="bbox 101 3731 1172 3812">
    <p class='ocr_par' dir='ltr' id='par_1_17' title="bbox 101 3731 1172 3812">
     <span class='ocr_line' id='line_1_30' title="bbox 101 3731 1172 3812; baseline -0.001 -18"><span class='ocrx_word' id='word_1_241' title='bbox 101 3755 106 3764; x_wconf 90' lang='lat'><strong>·</strong></span> <span class='ocrx_word' id='word_1_242' title='bbox 133 3737 199 3812; x_wconf 78' lang='lat' dir='ltr'><strong>tas,</strong></span> <span class='ocrx_word' id='word_1_243' title='bbox 232 3737 266 3792; x_wconf 90' lang='lat' dir='ltr'><strong>ut</strong></span> <span class='ocrx_word' id='word_1_244' title='bbox 292 3733 345 3810; x_wconf 89' lang='lat' dir='ltr'><strong>qui</strong></span> <span class='ocrx_word' id='word_1_245' title='bbox 375 3733 499 3794; x_wconf 85' lang='lat' dir='ltr'><strong>eandem</strong></span> <span class='ocrx_word' id='word_1_246' title='bbox 522 3736 675 3794; x_wconf 85' lang='lat' dir='ltr'><strong>nominum</strong></span> <span class='ocrx_word' id='word_1_247' title='bbox 696 3733 871 3794; x_wconf 86' lang='lat' dir='ltr'><strong>varietatem</strong></span> <span class='ocrx_word' id='word_1_248' title='bbox 893 3731 980 3808; x_wconf 78' lang='lat' dir='ltr'><strong>velit,</strong></span> <span class='ocrx_word' id='word_1_249' title='bbox 1015 3733 1040 3792; x_wconf 90' lang='lat' dir='ltr'><strong>is</strong></span> <span class='ocrx_word' id='word_1_250' title='bbox 1062 3731 1172 3794; x_wconf 88' lang='lat' dir='ltr'><strong>imitari</strong></span> 
     </span>
    </p>
   </div>
   <div class='ocr_carea' id='block_1_16' title="bbox 5 3849 1173 3920">
    <p class='ocr_par' dir='ltr' id='par_1_18' title="bbox 5 3849 1173 3920">
     <span class='ocr_line' id='line_1_31' title="bbox 5 3849 1173 3920; baseline -0.003 -7"><span class='ocrx_word' id='word_1_251' title='bbox 5 3887 7 3920; x_wconf 38' lang='lat' dir='ltr'><strong>l</strong></span> <span class='ocrx_word' id='word_1_252' title='bbox 133 3850 276 3913; x_wconf 82' lang='lat' dir='ltr'><strong>Sinenses</strong></span> <span class='ocrx_word' id='word_1_253' title='bbox 298 3851 433 3912; x_wconf 81' lang='lat' dir='ltr'><strong>videatur</strong></span> <span class='ocrx_word' id='word_1_254' title='bbox 454 3851 611 3911; x_wconf 88' lang='lat' dir='ltr'>verborum</span> <span class='ocrx_word' id='word_1_255' title='bbox 634 3850 815 3911; x_wconf 82' lang='lat' dir='ltr'><strong>multitudini</strong></span> <span class='ocrx_word' id='word_1_256' title='bbox 838 3850 1006 3912; x_wconf 84' lang='lat' dir='ltr'><strong>litterarum</strong></span> <span class='ocrx_word' id='word_1_257' title='bbox 1034 3849 1173 3910; x_wconf 85' lang='lat' dir='ltr'><strong>multiiu-</strong></span> 
     </span>
    </p>
   </div>
   <div class='ocr_carea' id='block_1_17' title="bbox 132 3957 1171 4048">
    <p class='ocr_par' dir='ltr' id='par_1_19' title="bbox 5 3949 1171 4048">
     <span class='ocr_line' id='line_1_32' title="bbox 132 3957 1171 4048; baseline -0.005 -16.654"><span class='ocrx_word' id='word_1_258' title='bbox 132 3969 233 4028; x_wconf 85' lang='lat' dir='ltr'><strong>dinsm</strong></span> <span class='ocrx_word' id='word_1_259' title='bbox 255 3973 418 4046; x_wconf 78' lang='lat' dir='ltr'>equester.</span> <span class='ocrx_word' id='word_1_260' title='bbox 463 3968 528 4030; x_wconf 84' lang='lat' dir='ltr'><strong>lloc</strong></span> <span class='ocrx_word' id='word_1_261' title='bbox 557 3971 582 4028; x_wconf 90' lang='lat' dir='ltr'><strong>si</strong></span> <span class='ocrx_word' id='word_1_262' title='bbox 612 3969 763 4048; x_wconf 84' lang='lat' dir='ltr'><strong>volumus,</strong></span> <span class='ocrx_word' id='word_1_263' title='bbox 795 3957 917 4047; x_wconf 87' lang='lat' dir='ltr'><strong>praestat</strong></span> <span class='ocrx_word' id='word_1_264' title='bbox 949 3986 1024 4029; x_wconf 89' lang='lat' dir='ltr'><strong>nova</strong></span> <span class='ocrx_word' id='word_1_265' title='bbox 1053 3969 1171 4033; x_wconf 83' lang='lat' dir='ltr'><strong>nomina</strong></span> 
     </span>
    </p>
   </div>
   <div class='ocr_carea' id='block_1_18' title="bbox 5 4084 1169 4166">
    <p class='ocr_par' dir='ltr' id='par_1_20' title="bbox 5 4084 1169 4166">
     <span class='ocr_line' id='line_1_33' title="bbox 5 4084 1169 4166; baseline -0.003 -19"><span class='ocrx_word' id='word_1_266' title='bbox 5 4091 7 4128; x_wconf 60' lang='lat' dir='ltr'><strong>i</strong></span> <span class='ocrx_word' id='word_1_267' title='bbox 132 4085 257 4165; x_wconf 79' lang='lat' dir='ltr'>lingere,</span> <span class='ocrx_word' id='word_1_268' title='bbox 280 4106 370 4166; x_wconf 78' lang='lat' dir='ltr'><strong>quiam</strong></span> <span class='ocrx_word' id='word_1_269' title='bbox 392 4089 522 4165; x_wconf 88' lang='lat' dir='ltr'><strong>antiquis</strong></span> <span class='ocrx_word' id='word_1_270' title='bbox 544 4091 655 4148; x_wconf 87' lang='lat' dir='ltr'>temere</span> <span class='ocrx_word' id='word_1_271' title='bbox 678 4089 806 4166; x_wconf 86' lang='lat' dir='ltr'>arreptis</span> <span class='ocrx_word' id='word_1_272' title='bbox 827 4087 929 4149; x_wconf 89' lang='lat' dir='ltr'><strong>lalsam</strong></span> <span class='ocrx_word' id='word_1_273' title='bbox 953 4089 1010 4147; x_wconf 82' lang='lat' dir='ltr'><strong>vim</strong></span> <span class='ocrx_word' id='word_1_274' title='bbox 1029 4084 1169 4146; x_wconf 90' lang='lat' dir='ltr'>tribuere.</span> 
     </span>
    </p>
   </div>
   <div class='ocr_carea' id='block_1_19' title="bbox 0 0 1442 4580">
    <p class='ocr_par' dir='ltr' id='par_1_21' title="bbox 0 0 1442 4580">
     <span class='ocr_line' id='line_1_34' title="bbox 0 0 1442 4580; baseline 0 0"><span class='ocrx_word' id='word_1_275' title='bbox 0 0 1442 4580; x_wconf 95' lang='lat' dir='ltr'><strong> </strong></span> 
     </span>
    </p>
   </div>
  </div>
 </body>
</html>
