2888 4576
695 225 758 292 ma
845 179 848 186 ¹

211 452 333 514 prorsus
355 434 427 496 isisa
449 452 501 512 pro
524 436 602 496 veris
618 438 809 512 usurpentur.
852 433 890 494 iii
914 451 1033 495 errores
1056 439 1090 497 ut
1112 439 1253 498 ternove-

212 558 329 629 rentur,
363 553 497 614 dedimus
519 570 657 631 operam,
692 569 746 612 nec
767 553 811 613 rei
832 553 980 614 suavitate
1000 554 1159 633 delectati,
1195 573 1253 616 nec

213 675 380 732 nostrarum
403 688 468 732 eam
490 672 545 732 rati
567 687 634 730 esse
654 670 779 748 ririnm3
809 671 862 732 sed
885 671 953 750 quia
978 690 1064 732 nemo
1087 672 1168 733 atius
1189 677 1253 733 tam
1314 749 1321 762 ⁹

212 787 344 849 steritem
377 806 439 849 rem
468 787 622 848 ridebatur
649 805 860 869 aggressurus,
893 807 960 867 quae
992 791 1022 850 in
1055 791 1253 870 antiquorum

212 908 331 984 scriptis
353 877 508 986 extabant,
537 924 625 984 quem
647 909 798 985 potuimus
820 909 1043 968 accuratissime
1065 909 1254 987 conquisivi·

213 1042 298 1099 mus,
324 1024 487 1102 interdum,
510 1024 619 1102 siquid
641 1025 710 1086 inde
731 1025 798 1086 eiici
816 1029 929 1103 posset,
952 1027 1009 1104 ipsi
1031 1028 1167 1105 experti3
1201 1026 1253 1088 ubi

214 1140 289 1202 nihii
311 1141 492 1219 videbamus,
527 1140 650 1202 ioiiciori
673 1141 790 1220 Oedipo
823 1143 1036 1221 relinquentes.
1079 1143 1193 1204 Verum
1217 1144 1256 1205 de

215 1260 259 1320 rei
288 1260 382 1338 ipsius
415 1258 587 1322 ditfrcuitate
616 1278 710 1339 quum
738 1263 767 1321 in
795 1261 1014 1322 introductione
1035 1261 1154 1324 abunde
1175 1261 1256 1324 iacta

214 1382 260 1448 est
280 1378 402 1457 mentio,
425 1382 488 1438 tum
506 1381 597 1438 totam
609 1379 839 1456 disputationem
850 1379 1062 1440 documentum
1072 1397 1140 1440 esse
1152 1397 1256 1459 spero.

214 1494 279 1557 Hoc
297 1497 397 1575 potius
418 1512 436 1555 a
458 1494 543 1556 nobis
564 1497 707 1573 postulari
730 1515 818 1576 posse
839 1498 966 1575 videtur,
995 1502 1029 1558 ut
1050 1497 1160 1576 quibus
1181 1497 1256 1558 sub-

153 1621 156 1630 '
214 1615 299 1676 sidiis
320 1616 350 1674 in
372 1613 428 1676 hac
449 1632 482 1674 re
503 1615 598 1676 sirnus
620 1617 678 1694 usi,
701 1617 845 1676 rationem
867 1615 1036 1677 reddamus.

300 1732 400 1806 Quum
423 1732 514 1810 igitur
542 1733 608 1792 dua
639 1735 700 1794 sint
729 1733 818 1794 iruius
845 1731 980 1810 opusculi
1010 1738 1127 1811 partes,
1159 1733 1255 1796 aitera

215 1849 392 1929 philologiae
405 1850 442 1909 de
458 1849 637 1927 nominibus,
659 1851 752 1912 attera
774 1839 985 1927 arcnaologtca
1008 1851 1046 1912 dc
1068 1852 1147 1912 vasis
1169 1852 1256 1932 ipsis,

218 1969 248 2028 in
278 1968 335 2030 hac
362 1969 488 2030 maxime
519 1972 604 2048 parte
632 1985 690 2030 non
719 1967 875 2028 admodum
902 1968 988 2028 nobis
1011 1968 1116 2029 confisi
1138 1986 1256 2048 sumus,

216 2085 255 2147 ob
276 2104 401 2165 eamque
418 2104 537 2148 causam
556 2105 623 2166 qua
643 2086 702 2148 huc
723 2087 903 2164 pertinentia
925 2085 1018 2148 finitis
1050 2086 1178 2164 singuiis
1205 2103 1258 2148 ca·

216 2204 328 2285 pitibus
360 2205 493 2268 addenda
519 2209 622 2280 crant,
657 2202 821 2266 minoribus
850 2204 944 2264 iiteris
973 2205 1115 2266 iussimus
1137 2204 1257 2266 excudi.

219 2320 281 2396 Qui
310 2324 389 2385 enim
418 2324 546 2386 nondum
575 2322 652 2385 uitra
681 2323 785 2401 patrias
813 2319 889 2382 fines
916 2323 1031 2400 egressi
1053 2323 1109 2386 sub
1131 2329 1256 2401 septen-

218 2441 364 2505 trionibus
384 2442 511 2504 ririmus
533 2441 663 2502 abitalia
681 2445 713 2501 et
730 2439 841 2501 Graecia
858 2439 945 2518 ionga
961 2444 1080 2519 remoti,
1104 2442 1153 2503 vix
1175 2441 1257 2505 mitte

217 2561 345 2638 amplius
359 2560 485 2620 vidimus
506 2560 628 2637 antiqua
650 2575 729 2620 vasa.
773 2557 892 2620 Haunia
914 2560 1034 2638 quidem
1056 2559 1173 2622 duabus
1196 2577 1255 2620 non
1289 2533 1292 2542 ¹

194 2731 196 2735 ,
219 2678 354 2740 maximis
373 2681 510 2738 contenta
532 2681 578 2736 est
599 2676 854 2756 chytrothecis-
876 2678 901 2738 si
923 2677 993 2739 iicet
1013 2695 1123 2740 normn
1147 2695 1256 2740 nomen

217 2795 345 2876 fingere,
380 2794 458 2874 quod
492 2796 623 2856 nondum
655 2796 778 2876 protulit
798 2794 929 2858 Bavariae
950 2814 1003 2856 rex
1025 2829 1066 2842 -
1093 2793 1256 2856 Titnrnatd·

218 2917 336 2976 sansana
352 2917 383 2974 et
401 2913 519 2976 uuum
536 2912 761 2976 cuursrrnnl
775 2912 851 2976 vili.
893 2913 978 2975 Hanc
990 2914 1117 2976 maxime
1128 2931 1147 2974 a
1158 2911 1257 2992 Capy·

219 3035 266 3098 nio
277 3034 417 3114 Latrone,
438 3033 659 3112 archiepiscopo
671 3033 830 3094 Tarentino
841 3033 1000 3107 conditam,
1023 3037 1127 3110 postea
1139 3049 1258 3109 semper

219 3161 347 3230 auctam,
369 3169 435 3230 ques
458 3152 543 3213 nobis
565 3154 674 3231 insigni
698 3150 812 3214 REGIS
830 3148 1102 3214 aucusrlssml
1123 3148 1256 3212 iiberali-

219 3277 280 3336 tate
303 3273 413 3352 patuit,
446 3270 604 3348 diiigenter
630 3270 886 3349 perlustravimus.
941 3269 1044 3343 Quare
1071 3269 1194 3346 siquid
1224 3270 1254 3330 in

219 3392 274 3454 hac
296 3395 379 3469 parte
391 3393 471 3452 recte
482 3388 618 3471 fecimus,
635 3386 757 3477 uncio
780 3392 933 3464 acceptum
956 3386 1077 3451 terimus
1100 3385 1256 3462 beneficio,

219 3516 250 3574 et
270 3530 397 3591 quorum
419 3507 516 3572 officio
545 3514 576 3571 et
604 3507 810 3570 benevolentia
840 3507 869 3565 in
892 3506 947 3566 hec
965 3501 1001 3565 ¹re
1023 3521 1128 3565 sumus
1149 3503 1255 3582 adiuti,

220 3629 253 3694 C.
274 3630 309 3693 T.
330 3632 368 3694 de
389 3630 505 3690 Funus
527 3632 558 3689 et
579 3625 612 3691 C.
634 3627 660 3690 1.
680 3624 854 3706 inausum
875 3626 901 3684 si
923 3622 994 3704 quid
1017 3624 1195 3702 erravimus,
1217 3642 1255 3685 ex

220 3751 318 3829 inopie
341 3748 542 3810 subsidiorum
563 3763 716 3827 speramus
739 3745 854 3806 reniam
876 3745 1008 3821 paratam
1030 3740 1104 3802 iore.

304 3866 363 3928 Sed
384 3869 533 3945 precipua
554 3848 797 3943 huiusopuscuii
821 3879 889 3940 pars
911 3864 958 3920 est
979 3858 1171 3940 philologius,
1194 3859 1251 3938 vei,

220 3990 245 4054 si
268 3987 401 4050 strictius
418 3984 643 4068 dicendumst,
667 3981 864 4058 iexicoiogice.
909 3978 979 4038 iiaec
1000 3978 1079 4040 enirn
1103 3979 1133 4038 in
1155 3977 1253 4038 studia

221 4109 278 4168 iarn
301 4103 477 4183 perplures
499 4118 591 4164 annos
614 4099 813 4175 incubuimus,
842 4113 877 4158 eo
900 4096 1025 4156 maxime
1048 4095 1134 4170 duce,
1168 4095 1253 4156 cuius
