2888 4576
732 229 794 296 144

649 289 875 336 4--.-.-.

328 436 360 496 Si
381 437 511 514 speciem
533 435 623 497 huius
644 435 745 498 culicis
767 439 944 516 querimus,
975 436 1131 504 audiemus
1152 440 1279 518 primum

244 557 362 632 poetam
384 554 489 614 medie
510 553 671 615 comoediae
692 572 740 633 up.
763 555 833 618 Alb.
854 550 928 632 471,
950 569 984 617 e:

322 668 357 736 Ὠ
377 683 458 752 γαΐα
480 675 602 754 κεραμί,
624 675 669 748 τίς
690 691 726 735 σε
748 671 905 758 Θηρικλῆς
925 696 1004 739 ποτε

326 789 428 870 ἔτευξε
449 789 556 872 κοίλης
576 789 715 871 λαγόνος
736 786 867 874 εύρύνας
888 791 1007 874 βάθος.

244 908 320 987 Quae
341 909 464 972 uberius
485 910 613 988 explicet
633 909 796 972 litbenaeus
818 912 882 990 ipse
901 907 976 989 470,
990 916 1033 970 ‘et
1056 905 1076 995 η
1096 909 1186 990 κύλιξ
1201 909 1280 994 αὕτη

244 1025 424 1110 ἐγκάθηται
445 1032 518 1110 περὶ
539 1024 595 1104 τὰς
617 1026 761 1113 λαγόνας
788 1025 905 1106 ἱκανούς
926 1032 1146 1113 βαθυνομένη·
1179 1031 1278 1094 addit:

242 1142 308 1212 ύτα
330 1143 361 1209 ‹l’
382 1144 445 1228 ἔχει
466 1148 598 1229 βραχέα,
620 1140 663 1221 ὦς
684 1147 729 1211 ἄν
746 1147 834 1226 κύλιξ
851 1142 941 1216 ούσα.
984 1148 1117 1210 ermbus
1134 1148 1276 1228 (λαγών)

244 1272 278 1327 ut
298 1266 369 1327 alibi
391 1270 493 1328 venter
515 1264 670 1348 (μύστρα)
696 1268 808 1328 dicitur
840 1269 898 1328 ime
931 1267 1009 1328 rosis
1045 1284 1187 1344 caverna,
1219 1286 1277 1346 quo

243 1385 382 1464 dilatate,
414 1390 449 1446 ut
471 1384 609 1462 poculum
642 1384 709 1462 ptus
739 1391 868 1463 cuperet,
902 1385 1006 1447 ellectu
1038 1389 1084 1446 est
1115 1386 1278 1448 similitudo

243 1503 377 1582 quedem
399 1522 467 1566 curn
490 1501 650 1564 carchesiis
674 1503 703 1562 in
727 1505 824 1564 medio
846 1505 1035 1584 compressis,
1059 1509 1088 1563 et
1098 1503 1208 1565 Adaeus
1230 1523 1278 1584 op.

243 1622 313 1684 Alb.
332 1616 407 1699 471,
422 1621 442 1682 Ι.
475 1620 652 1701 simpliciter
674 1622 830 1686 docuerat:
858 1620 1048 1706 Θηρίκλειον
1073 1639 1139 1682 esse
1162 1621 1279 1706 καρχη-

243 1756 321 1816 σιον,
352 1741 406 1800 sed
438 1745 520 1801 recte
541 1745 641 1800 monet
662 1739 836 1822 Athonem,
860 1743 1005 1801 interesse
1033 1739 1163 1818 aliquid,
1187 1741 1278 1818 idque

242 1859 348 1937 probet
382 1858 471 1919 allato
500 1856 635 1919 Collirini
672 1857 753 1920 loco:
791 1856 887 1941 πνύςι
912 1857 1042 1940 ἔχοντας
1075 1858 1279 1940 Θηρικλείους

242 1975 429 2058 πομπεύειν,
451 1970 521 2050 τούς
543 1973 579 2038 δὲ
599 1973 764 2059 καρχήσια.
815 1977 880 2039 Νοο
912 1980 977 2038 sine
998 1977 1062 2036 reri
1084 1976 1279 2037 similitudine

243 2095 374 2158 Panoilu
386 2094 455 2173 (ΙΙ,
467 2090 508 2154 34
520 2126 561 2138 -·
573 2113 753 2173 quemquem
775 2097 880 2157 eodem
901 2097 1030 2175 pertinet
1051 2113 1080 2156 n.
1091 2088 1149 2166 33)
1161 2100 1192 2154 et
1202 2093 1277 2154 Ger·

242 2215 352 2278 hardus
375 2214 466 2293 (Rup.
486 2213 569 2276 Volc.
581 2207 640 2284 40)
653 2211 818 2275 Tbericllos
830 2215 937 2276 calices
949 2213 1119 2274 exhibuisse
1131 2213 1276 2272 videnlur.

243 2332 348 2394 Utrum
372 2333 441 2393 tolia
468 2331 646 2410 spectaverit
668 2347 761 2391 necne
788 2332 882 2394 eobol.
913 2331 1074 2393 Clementis
1098 2329 1215 2408 Paedeg.
1238 2329 1277 2407 ll,

240 2446 274 2529 3,
289 2452 449 2512 decernere
465 2469 522 2510 non
539 2452 648 2511 ausim.
686 2449 885 2532 Θηρίκλειον,
900 2452 1007 2530 inquit,
1024 2445 1059 2512 τύ
1074 2445 1279 2530 σφαιροειδὲς

242 2570 286 2658 τρῖ
305 2571 450 2650 πυθμένι
472 2563 507 2632 τύ
528 2565 728 2649 ἐπικείμενον
756 2566 829 2650 ἔχον
847 2567 1028 2651 χωνοειδές,
1055 2562 1112 2651 ἀφ’
1133 2559 1170 2632 ού
1190 2577 1278 2630 πιεῖν

242 2685 328 2751 ἐστιν
348 2682 483 2763 εύπετές.
536 2686 691 2748 ΑεοιίΙιεαι
724 2690 815 2748 etiem
846 2707 884 2750 er
904 2688 974 2750 oth.
999 2681 1074 2766 471,
1097 2686 1125 2750 d.
1169 2684 1277 2748 Eubuli

242 2806 354 2867 lucum:

636 2923 724 3004 Ἀρτι
744 2926 805 3005 μὲν
824 2920 901 3006 μάλ’
922 2917 1076 3006 α’νδρικην

328 3045 391 3106 τοῖν
414 3041 621 3126 Θηρικλείων,
642 3035 928 3125 ὑπεραφρίζουσαν,
950 3063 1060 3124 παρα-

327 3160 580 3241 κωθωυύχειρον,
603 3161 980 3245 ψηφοπεριβομβήτριαν,

324 3277 494 3361 μέλαιναν,
516 3273 715 3352 εὐκύκλωτον,
738 3274 956 3357 σ’ξυπύνύακα,

327 3396 525 3478 στίλβουσαν,
548 3391 778 3476 α’νταυγοῦσαν,
801 3394 1036 3480 ἐκνενιμμένην,

326 3517 424 3602 κισσῷ
443 3513 528 3598 κάρα
549 3513 716 3597 βρύουσαν,
738 3511 989 3596 ἐπικαλούμενος

327 3631 433 3697 ελλκον
453 3630 530 3709 Διύς
549 3634 709 3717 Σωτῆρος.

180 3771 183 3775 ·
242 3751 275 3812 ln
299 3771 358 3829 quo
380 3752 542 3830 irognrento
565 3751 649 3830 plurs
672 3757 752 3830 sunt,
776 3769 842 3830 quae
865 3769 923 3810 non
947 3749 1089 3826 intelligo.
1140 3746 1278 3808 Meineke

243 3871 272 3931 in
297 3869 318 3928 F
321 3872 481 3945 tegmentis
503 3869 689 3930 Comicorunr
713 3868 765 3949 ill,
784 3889 813 3946 ρ.
825 3864 887 3929 231
904 3868 1008 3928 scribit
1024 3862 1279 3947 κωθοινύχειλον,

243 4003 421 4064 quemquem
444 4003 510 4062 quae
536 3987 626 4068 χείλη
658 3989 719 4046 sint
752 3989 856 4065 nescit,
880 3985 1034 4068 ἄμβωνας
1066 4001 1133 4044 esse
1165 3984 1279 4044 dicens.

242 4102 412 4163 Monstrum
434 4119 503 4162 vero
525 4108 581 4180 est,
605 4103 785 4179 quodidem
808 4104 842 4166 V.
868 4105 901 4166 D.
936 4123 1006 4165 voce
1029 4104 1279 4186 ψηφοπεριβομ-
