2888 4576
701 285 704 297 ,
736 217 779 284 88

332 423 371 490 τοί
393 424 494 490 loturi
515 427 597 508 τηρῶ
617 424 770 506 σκευάρια
792 419 832 487 τοί
853 425 915 490 τῶν
937 427 1035 500 θεῶν,

328 543 472 626 χυτρίδια
494 547 548 606 καὶ
568 542 700 608 σανίδια
721 537 947 626 κάμφορείδια,

246 671 277 724 et
298 664 375 743 apud
397 664 543 742 homines,
566 667 600 722 ut
621 661 696 723 Rau.
712 655 786 741 983,
810 660 888 725 Plut.
909 655 985 736 812,
1007 660 1089 722 lieni.
1110 656 1185 741 734,
1206 657 1280 724 745.

247 781 280 842 ln
313 782 440 843 Acharn.
467 776 531 840 453
565 780 740 858 liicaeopolis
774 799 866 859 quum
896 780 1020 859 Telephi
1048 780 1201 859 Euripidei
1225 781 1280 841 ha-

246 901 342 961 bitum
364 901 534 960 imitaturus
556 899 721 959 miserrima
743 917 870 977 quaeque
888 899 1054 976 conquirit,
1087 900 1162 976 petit
1190 899 1282 959 etiam

244 1016 404 1100 χυτρίδιον
435 1020 578 1102 σφογγίῳ
608 1019 820 1099 βοβοσμίνονι
853 1016 1007 1076 ridiculam
1029 1035 1100 1076 saue
1122 1020 1282 1096 pauperta-

247 1142 319 1215 tem,
342 1155 407 1214 quae
426 1153 484 1196 non
500 1135 648 1210 habuerit,
672 1153 731 1213 quo
747 1136 837 1194 rimas
851 1133 1016 1212 obturaret,
1040 1135 1096 1196 nisi
1109 1130 1280 1214 spongiam!

331 1253 432 1332 lgnern
456 1255 485 1313 in
508 1253 576 1313 ollis
598 1252 698 1313 lerunt
719 1270 806 1314 sones
829 1271 927 1313 arcem
950 1255 1147 1332 oppugnaturi
1170 1254 1201 1312 in
1221 1251 1281 1330 Ly·

247 1375 328 1432 sistr.
338 1366 414 1451 297,
425 1365 499 1447 308,
512 1365 585 1432 315.
609 1370 694 1444 (Noti
707 1376 777 1432 suut
792 1371 933 1432 italorum
954 1369 1103 1450 “losoni’‘,
1128 1390 1154 1432 v.
1167 1369 1280 1431 Broud·

247 1491 335 1551 stadii
357 1488 471 1551 “Reise
494 1490 503 1550 i
525 1487 738 1550 Graeltenlaan
761 1489 783 1570 l,
797 1507 825 1568 p.
839 1484 902 1558 12.)
915 1523 957 1534 -
979 1487 1012 1548 ln
1034 1483 1231 1550 themana
1251 1493 1282 1547 et

246 1605 311 1671 509
328 1609 472 1670 obstetrix
494 1608 611 1668 mulieri
636 1626 773 1687 puerum,
796 1626 884 1686 quem
906 1607 1023 1684 subdat,
1046 1608 1076 1666 in
1100 1605 1158 1667 olla
1179 1606 1281 1696 eondi-

246 1733 309 1788 tum
331 1727 428 1788 allert.
471 1725 703 1803 [inponebantur
723 1725 851 1786 infantes
868 1723 990 1802 mollis,
1014 1743 1041 1788 v.
1056 1723 1178 1786 Beckeri
1202 1722 1281 1784 Cha-

246 1845 311 1906 ricl.
334 1843 379 1921 ll,
402 1863 430 1922 p.
454 1838 528 1922 396,
563 1844 614 1920 qui
643 1843 744 1904 laudat
765 1844 879 1904 Moerin
907 1861 939 1921 p.
964 1837 1040 1902 102:
1075 1839 1283 1924 ἕγχυτρισμός,

245 1957 266 2045 ἢ
294 1964 349 2027 τοῦ
375 1963 513 2046 βρέφους
539 1958 682 2036 ἔκδυσις,
715 1959 786 2025 ἐπεὶ
818 1958 854 2026 ἕν
872 1959 1000 2044 χύτραις
1021 1957 1219 2039 ἕξετίδεντο,
1251 1965 1282 2020 et

246 2079 342 2141 schol.
365 2079 400 2140 ad
423 2079 513 2140 Arist.
538 2079 626 2158 Vesp.
649 2073 723 2142 289.
775 2077 863 2157 Quod
885 2084 984 2142 autem
1006 2080 1083 2157 apud
1106 2075 1282 2154 Aristopha-

247 2215 315 2258 nem
329 2198 437 2258 chorus
459 2197 588 2258 iudicem
600 2197 737 2258 hortatur
749 2198 785 2258 de
797 2197 963 2259 facinoroso
982 2197 1117 2258 homine:
1140 2194 1179 2260 δν
1196 2192 1283 2269 ὅπως

247 2311 421 2397 ἐγχυτριεῖς,
443 2315 508 2376 lieri
526 2319 624 2393 potest
646 2322 680 2376 ut
695 2321 781 2394 poeta
804 2317 893 2376 etiarn
915 2315 952 2375 de
973 2315 1087 2376 calculo
1108 2312 1283 2391 cogitaverit

248 2435 277 2493 in
311 2433 436 2493 sitellam
469 2428 589 2506 (ollam)
622 2433 754 2509 deiecto,
788 2434 840 2494 sed
870 2435 988 2512 propria
1015 2433 1112 2493 huius
1130 2432 1214 2508 νηοί
1236 2433 1282 2492 vis

246 2555 293 2611 est
304 2553 333 2610 in
346 2549 510 2628 funeribus,
533 2549 584 2610 ubi
601 2570 637 2611 ex
650 2551 751 2612 Minoe
763 2549 915 2612 Platonico
928 2555 971 2628 (p.
983 2546 1057 2632 315,
1083 2550 1124 2625 li)
1146 2552 1283 2611 norimus

247 2669 411 2746 antiquitus
433 2666 579 2728 adhibitas
607 2666 698 2730 luisse
719 2669 859 2730 mulieres
881 2670 1023 2747 quasdam
1045 2666 1282 2751 ἕγχοτριστρίας,

247 2803 314 2864 quae
336 2786 473 2846 videntur
499 2790 633 2846 mactatae
654 2786 759 2848 hostiae
781 2788 925 2865 sanguine
946 2789 1110 2865 aspersisse
1132 2790 1282 2847 mortuum

248 2905 431 2965 lustrationis
454 2924 553 2984 causa,
580 2924 639 2985 quo
662 2907 765 2984 purior
786 2905 822 2965 ad
846 2904 956 2964 inferos
979 2907 1103 2970 veniret.
1147 2903 1222 2965 Nam
1243 2922 1281 2964 ex

247 3021 381 3100 pluribus
403 3025 598 3104 coniecturis,
631 3041 705 3102 quas
727 3023 813 3083 allert
834 3022 993 3082 scholiasta
1016 3022 1149 3083 Platonis
1170 3041 1198 3101 p.
1217 3016 1283 3081 336

241 3138 383 3221 'Bellern
417 3140 480 3200 haeo
501 3159 570 3202 vera
592 3142 724 3220 videtur,
757 3159 823 3221 quae
846 3159 914 3201 ctum
937 3139 1066 3200 Platonis
1090 3141 1186 3201 verbis
1208 3157 1282 3200 eon-

246 3258 341 3316 t'enit:
375 3253 450 3322 ὅσαι
478 3254 548 3333 τοδς
575 3256 700 3338 ίναγείς
727 3261 958 3340 καθαίρουσιν,
994 3256 1076 3340 αἷμα
1104 3256 1282 3340 ἐπιχέοντες

245 3375 301 3438 τοῦ
326 3371 449 3457 ἱερείου.
504 3375 638 3438 Conferri
668 3381 765 3455 potest
788 3375 924 3436 lustratio
948 3377 978 3435 in
1000 3376 1134 3456 AEsohyli
1167 3376 1281 3438 Eume-

247 3487 484 3554 nidibusv.444.
517 3493 574 3554 Alii
597 3495 684 3556 aliter
695 3494 732 3554 de
750 3494 806 3554 hoo
819 3494 938 3554 nomine
951 3500 1083 3574 censent,
1108 3495 1283 3573 vid.praeter

246 3609 471 3673 Stallbaumium
494 3613 530 3673 ad
549 3612 681 3672 Platonis
693 3611 789 3672 locum
812 3610 885 3684 (vol.
900 3611 954 3690 tx,
970 3631 1000 3690 p.
1011 3607 1091 3686 372)
1114 3612 1283 3673 Lohoolius

247 3730 275 3787 in
298 3729 500 3807 Aglaophatno
522 3750 550 3809 p.
572 3725 644 3790 632.
699 3729 865 3808 Hesychius
892 3730 1011 3790 easdem
1038 3731 1157 3792 videtur
1183 3731 1284 3793 dicere

246 3842 498 3928 ίγιιυίικιστρίας.

331 3960 431 4041 Quum
454 3967 620 4042 praecipuus
642 3970 673 4024 et
694 3966 913 4042 vulgatissimus
934 3965 1059 4026 ollarum
1081 3983 1154 4027 usus
1177 3968 1206 4026 in
1230 3984 1284 4026 cu.-

247 4080 304 4139 lina
339 4085 435 4155 esset,
477 4085 538 4139 turn
572 4081 788 4142 adhibebantur
819 4085 908 4142 etiarn
942 4083 978 4142 ad
1012 4101 1152 4144 mensam.
1208 4083 1284 4144 Nam
