2876 4580
632 225 677 290 lu

129 432 235 492 careal
256 426 298 511 (v.
310 426 429 490 Mulier.
453 426 578 490 Deukur.
599 426 630 504 l,
652 419 706 506 99,
730 421 811 508 1263
833 425 960 490 Analaul
989 427 1119 493 llarblaa
1140 433 1173 495 ul

130 546 183 607 the
203 545 251 608 Br.
273 545 354 609 Mus.
376 545 433 620 lX,
455 545 536 609 labb.
563 539 726 620 31-34);
749 562 803 606 οεο
831 545 941 608 desunt
966 552 1065 610 tamen
1087 567 1171 612 urna

129 664 177 726 rel
200 683 258 726 una
281 663 326 726 rel
349 663 465 726 duabus
486 663 567 726 anaia
589 665 710 724 muita)
729 667 774 734 (v.
786 670 861 726 Αιιο.
872 663 1002 726 llarblas
1013 666 1170 747 1x‚.ul›b.

126 777 172 842 33
193 785 224 842 at
243 777 315 860 34).
351 813 395 830 --
425 779 563 842 Alterum
591 797 685 858 genus
713 785 744 841 et
772 781 849 844 uallo
876 787 908 844 at
934 784 1011 862 pede
1037 788 1069 845 et
1088 786 1171 847 ausis

128 903 221 962 uarat.
273 898 430 960 Eiusmodi
462 916 538 960 urna
566 915 622 960 οιο
645 897 752 960 similis
773 903 926 977 spectatur
946 903 1026 980 piola
1048 903 1078 964 in
1100 919 1171 965 ιειε

128 1018 260 1098 quodam
280 1017 379 1080 Musei
401 1016 625 1102 Burbouiuiffl.
646 1015 772 1095 llllliug.
795 1016 952 1084 Peiutures
973 1001 1111 1082 (1.1ἰεοε
1132 1021 1170 1082 ale

126 1135 261 1196 diverses
281 1135 465 1208 collealtum,
488 1133 548 1198 tab.
572 1129 631 1215 163
653 1134 750 1196 Rauul
764 1135 924 1199 llochette:
940 1135 1167 1200 Monunaluad.

125 1251 152 1332 1,
176 1254 236 1314 tab.
257 1245 310 1314 31.
354 1251 452 1313 liuius
473 1253 591 1331 generis
613 1258 684 1314 suut
705 1254 806 1316 vitreae
827 1271 926 1335 urnae,
959 1271 1027 1333 quae
1054 1258 1084 1316 iu
1105 1253 1168 1318 uo-

126 1371 225 1430 mauis
247 1369 392 1448 sepulcris
414 1387 494 1449 saepa
514 1371 717 1451 inueniuntur,
740 1376 774 1432 ut
795 1389 870 1449 quaa
892 1391 927 1433 ex
942 1370 1074 1434 Cumano
1096 1391 1168 1451 agro

127 1486 252 1548 domum
274 1488 375 1550 retulit
397 1488 461 1548 Rex
483 1493 585 1549 noster
599 1490 839 1571 augustissimus,
861 1507 888 1552 v.
901 1490 982 1549 loriu
996 1489 1015 1549 l.
1030 1491 1049 1550 l.
1066 1489 1125 1578 lab.
1136 1485 1166 1580 ⁷:

125 1604 292 1684 Interdum,
316 1577 438 1684 ne'quid
460 1606 620 1686 accideret,
643 1607 782 1686 plumbeo
805 1607 957 1668 involucro
980 1611 1065 1669 tectae
1087 1612 1167 1685 suut,

126 1727 162 1784 ut
184 1723 214 1783 in
223 1721 409 1801 Pompeiano
420 1722 549 1802 quodam
560 1730 764 1799 monumento,
788 1723 957 1788 v.lllazoia:
980 1724 1166 1788 Lealluiuaa
1247 1698 1250 1706 ’

126 1841 165 1904 οε
186 1840 311 1918 Pompei
332 1840 363 1919 l,
390 1842 449 1904 tab.
470 1835 523 1900 22.
550 1875 594 1890 -
627 1841 726 1904 Variis
747 1844 824 1904 arcis
846 1844 1006 1906 utebantur
1025 1844 1115 1907 Tusci
1137 1848 1168 1905 al

126 1958 247 2038 Latini,
266 1976 296 2023 r.
319 1957 441 2022 Alelen
464 1959 526 2021 llul.
550 1958 629 2022 ileu.
652 1978 680 2038 p.
700 1955 765 2022 367
772 1977 781 2041 3
804 1978 887 2040 supr.
909 1981 939 2041 p.
962 1957 993 2024 6.

509 2155 561 2226 13.
604 2159 786 2243 Κριοσσός

125 2313 165 2378 ab
187 2312 226 2376 11.
248 2312 399 2396 Stephano
422 2317 611 2398 comparatur
632 2331 699 2376 cum
722 2317 825 2374 nostro
843 2309 992 2394 “Kruus”‚
1014 2311 1165 2376 Gallorum

125 2431 299 2512 ιιοιιιοίιο”;
343 2434 456 2512 nescio,
487 2450 578 2512 quam
599 2451 678 2497 rere.
732 2432 810 2496 llsus
831 2432 899 2494 uiua
920 2431 956 2500 ab
978 2431 1084 2512 hydria
1106 2448 1165 2494 uon

123 2551 254 2612 multum
274 2551 391 2612 videtur
412 2552 548 2613 diversus
570 2549 678 2631 luisse3
700 2569 768 2612 uam
790 2550 895 2612 Pollux
918 2545 1164 2630 v111‚66enu-

123 2673 223 2730 merat
244 2663 362 2750 α’χγετοι
381 2661 550 2752 ὖδροφόρα
571 2669 652 2730 haec:
685 2663 817 2751 ὑδρίαν,
838 2666 995 2752 πρόχουν,
1016 2664 1165 2750 ιιροσσόν.

123 2786 266 2864 uallum,-
288 2785 327 2848 cl.
349 2787 395 2864 Χ,
418 2781 471 2848 30.
502 2785 643 2866 AEachylo
665 2788 784 2865 quidem
808 2792 866 2848 tarn
889 2789 949 2848 vini
971 2805 1059 2865 quam
1081 2803 1165 2864 aquae

122 2921 179 2965 vas
207 2908 254 2964 est
281 2906 311 2964 iu
338 2904 375 2966 ir.
405 2899 463 2966 91:
504 2902 619 2991 Μηδὲ.
636 2899 791 3004 κρωσσοιλς
816 2899 887 2986 μήτ’
917 2899 1060 2987 ολνηρούς
1084 2899 1166 2988 μήθ’

124 3015 310 3105 ὕδαιηροιλς
332 3021 457 3086 λείπειν
479 3017 627 3106 οἷφνέοιοι
649 3020 784 3105 δόμοισι.
822 3019 913 3100 Soph.
936 3019 975 3082 0.
996 3020 1029 3084 C.
1051 3040 1080 3084 v.
1101 3014 1166 3082 478

123 3137 285 3223 ιιριοσσούς
305 3139 445 3220 appellat,
468 3141 519 3220 qui
542 3135 644 3204 ull?
664 3142 816 3224 κραοῆρες
837 3144 925 3218 suat3
946 3157 984 3202 ex
1003 3141 1043 3207 iis
1064 3143 1165 3202 autem

124 3257 265 3337 Oedipus
287 3275 394 3336 aquam
417 3263 448 3319 et
470 3259 528 3318 mal
549 3257 675 3320 elluudit
698 3259 923 3322 Eumenidibua.
956 3256 1085 3319 Omnino
1107 3257 1166 3316 rui·

124 3377 206 3436 nime
227 3393 328 3436 rarum
350 3375 409 3438 luit
431 3377 487 3437 hoc
508 3393 591 3437 uruoe
613 3392 738 3457 uomen3
760 3393 788 3436 r.
810 3375 882 3436 Eur.
895 3373 976 3454 Cycl.
996 3369 1042 3434 89
1061 3387 1162 3454 κρωσ-

124 3487 199 3567 σοὺς
219 3488 389 3576 ὁδρρλούς,
422 3492 460 3557 cl.
490 3493 554 3556 lon.
577 3511 605 3556 ι.
630 3488 723 3555 1173.
766 3493 853 3571 Apud
874 3493 1024 3552 Theocril.
1047 3485 1098 3568 13,
1120 3485 1164 3548 46
1229 3579 1233 3583 v
1294 3584 1305 3604 ἱ

124 3611 221 3691 Hylas
243 3631 349 3691 aquam
372 3597 576 3693 peleus'gerit
597 3607 803 3690 πολοχανδέα
825 3606 975 3694 κριοσσόν,
998 3608 1049 3685 qui
1071 3625 1098 3666 v.
1119 3601 1164 3666 39

87 3759 90 3762 -
126 3731 239 3791 dicitur
262 3729 403 3812 χάλκεον
424 3729 534 3811 ἄγγος.
577 3727 756 3789 Plutarchus
785 3729 814 3787 iu
837 3727 921 3788 Alex.
944 3719 988 3784 20
1009 3729 1164 3786 enumerat
1298 3783 1303 3793 ,

124 3866 195 3909 rasa
217 3849 247 3908 in
270 3849 374 3910 balneo
398 3849 496 3910 Darii:
514 3845 609 3912 ὅλκια
629 3848 685 3910 καὶ
704 3838 859 3928 κρωσσούς
880 3847 935 3908 καὶ
955 3842 1088 3919 πυέλους
1109 3845 1164 3908 καὶ

127 3960 359 4050 ἀλαβάστρους.
392 3965 509 4028 Dicitur
530 3970 620 4028 etiam
642 3966 678 4028 de
701 3967 845 4028 cineraria
867 3983 954 4042 urna,
977 3969 1011 4026 ut
1031 3984 1079 4043 ap.
1095 3961 1163 4024 Mo·

126 4085 233 4149 schum
254 4079 287 4164 4,
308 4081 367 4146 34:
400 4087 455 4148 καὶ
487 4087 543 4148 aiv
578 4087 637 4150 ἕνα
667 4085 815 4166 χρύσειον
847 4080 880 4159 ἒς
906 4079 1001 4148 «iuxta
1022 4078 1163 4162 ιιριοσσόν

946 4198 962 4247 4
