2888 4576
746 201 809 268 loo

668 290 893 300 ....—...-.-.....

345 410 391 471 Ab
402 410 534 487 antiquis
546 406 742 487 scriptoribus
764 405 850 484 ionga
872 406 1023 484 digressus
1039 407 1171 470 Panoiia
1188 408 1298 481 (Rech.

262 529 299 610 V,
321 523 378 601 74)
400 545 528 607 eumque
550 530 672 590 secutus
682 524 853 588 Gerhardus
865 525 955 604 (hap.
968 521 1027 598 50)
1049 529 1180 589 catinum
1203 545 1298 606 qusn-

262 648 328 708 dnm
338 646 461 725 cymben
474 629 669 726 appetierunt,
677 643 827 724 cymbium
837 648 936 706 nutem
946 643 1017 707 Pon.
1025 641 1149 725 (V,75)
1158 645 1297 724 poculum

262 765 410 844 quoddam
438 767 467 826 in
496 763 623 826 lucernas
644 763 764 824 modum
787 761 957 824 formatum.
1017 761 1121 826 Potius
1149 764 1298 843 cymbium

262 885 429 963 putaverim
440 900 491 944 vas
513 882 598 961 iilud,
620 882 700 960 quod
724 885 804 942 tenet
816 880 949 941 Bacchus
972 882 1001 940 in
1022 889 1215 943 monumento
1237 883 1294 962 Ly·

263 1004 395 1078 sicratis,
417 1020 445 1061 v.
468 1001 585 1062 Miiher.
607 1000 732 1062 Deniim.
755 998 784 1077 Ι,
814 999 873 1060 tab.
895 993 948 1062 37.
990 998 1168 1079 Spectantur
1188 1001 1297 1062 similia
1377 987 1381 1000 ’

263 1123 293 1182 in
314 1121 402 1182 Horo.
425 1125 455 1180 st
477 1117 578 1198 Pomp.
601 1117 654 1192 ΙΙΙ,
676 1113 737 1200 95;
759 1116 839 1179 Mus.
861 1115 931 1178 Por.
956 1115 1008 1196 iV,
1029 1112 1089 1199 313
1111 1117 1199 1196 Zoeg.
1223 1119 1297 1180 Bas·

263 1239 337 1302 sirii,
357 1233 416 1316 913
445 1236 659 1298 D’Hanoarviil.
680 1237 851 1315 Antiquitis
873 1235 1054 1296 d'flamilton
1076 1234 1129 1313 lv,
1150 1230 1203 1299 29.

349 1353 503 1436 Cymbala,
537 1357 733 1416 instrumenta
755 1355 868 1415 musica
890 1355 920 1414 in
942 1356 1035 1416 sacris
1054 1353 1171 1432 Magne
1193 1354 1299 1417 histrio

264 1476 474 1552 usitatissima,
509 1478 542 1536 ut
564 1475 682 1534 nomine
704 1473 740 1534 ad
762 1473 885 1533 eandem
908 1474 1038 1534 radicem
1062 1475 1223 1553 pertinent,
1258 1476 1299 1538 ito

264 1611 301 1654 ne
323 1594 423 1672 specio
452 1593 573 1672 quidem
603 1592 727 1655 multum
755 1591 945 1652 abhorruisse
967 1565 1116 1653 ridentur.
1172 1591 1300 1671 Conspi-

265 1713 384 1773 ciuntur
405 1716 504 1772 autem
522 1729 600 1789 saepc
616 1713 644 1770 in
659 1711 781 1787 sculptis
793 1715 823 1770 et
834 1711 922 1789 pictis
943 1711 1154 1786 monumentis,
1177 1714 1209 1771 ut
1220 1709 1300 1800 Mus.

265 1827 333 1890 PCi.
356 1829 407 1907 iv,
428 1823 482 1908 22,
503 1824 580 1910 29*;
604 1829 693 1888 Herc.
712 1831 744 1888 et
754 1827 856 1907 Pomp.
878 1826 932 1904 lii,
946 1821 1065 1907 78,96‚
1079 1823 1158 1908 lll;
1180 1823 1297 1908 ruffi.

208 1951 210 1954 ’
264 1979 304 1991 -
327 1946 467 2008 Ceterum
490 1949 597 2026 miror,
619 1945 777 2008 Mulierum
800 1947 829 2006 in
852 1945 997 2008 Arohaeoi.
1018 1949 1041 2022 §
1060 1941 1135 2026 299,
1159 1942 1198 2007 ll
1222 1949 1300 2008 inter

264 2067 364 2144 pelves
376 2067 511 2144 posuisse
523 2064 681 2147 κύμβαλα,
704 2067 788 2126 cuius
801 2064 914 2125 nullum
932 2065 1023 2125 alium
1041 2070 1192 2126 auctorem
1214 2069 1299 2144 potui

265 2177 397 2244 invenire
419 2203 507 2262 quam
526 2183 726 2262 hesychium:
750 2178 906 2265 ἄρδανίαι
928 2179 963 2245 αἱ
980 2184 1041 2249 τῶν
1057 2187 1216 2266 κεραμίων
1237 2184 1299 2264 γά-

263 2321 365 2384 στραι,
387 2300 424 2366 ἐν
445 2299 497 2378 αἷς
518 2297 558 2365 τὰ
575 2303 763 2386 βοσκήματα
779 2299 935 2377 monogora,
958 2300 1128 2385 ἄΔωριεϊς
1148 2301 1299 2384 κύμβαλα

263 2419 404 2485 καλοῦσι.
447 2420 512 2482 Hoc
533 2421 682 2499 quomodo
703 2419 879 2498 archoeoiogi
902 2421 1029 2497 intersit,
1052 2439 1111 2480 non
1132 2421 1229 2481 rideo.

666 2620 697 2686 3.
738 2621 895 2708 Σκιῖφος

263 2780 327 2837 siue
355 2777 444 2837 dubio
475 2776 510 2837 ad
540 2777 665 2837 eandem
693 2777 821 2838 radicem
849 2779 1000 2854 pertinens
1022 2782 1052 2837 et
1074 2779 1170 2856 ipsum
1193 2794 1299 2836 carum

264 2909 314 2956 vas·
336 2900 400 2977 ost,
433 2913 487 2974 per
514 2913 617 2955 omnes
645 2893 707 2956 iore
728 2893 850 2957 Graeoiac
878 2899 979 2955 aetates
1002 2893 1090 2972 vulgo
1112 2901 1299 2974 usurpatum.
1420 2951 1421 2960 ,

261 3013 323 3074 lam
357 3014 435 3092 apud
455 3013 618 3074 Homerum
641 3011 718 3090 (Od.
740 3017 767 3090 ξ,
790 3008 869 3090 112)
892 3013 1032 3074 Eumaeus
1055 3012 1132 3076 Ulixi
1153 3013 1299 3094 scyphum
1418 2997 1421 3028 ‘²

264 3133 363 3192 tradit.
407 3130 542 3210 Hesiodi,
564 3129 772 3210 Anacreontis,
806 3131 933 3192 aliorum
955 3132 1087 3211 exempla
1109 3133 1181 3192 citat
1202 3132 1300 3192 Athe·

263 3267 346 3309 noeus
367 3268 396 3326 p.
417 3240 482 3308 498
504 3266 569 3327 sqq.
625 3251 670 3309 Ac
698 3267 735 3308 ne
757 3251 825 3327 quis
847 3249 962 3310 dubitet
984 3251 1021 3311 de
1049 3251 1180 3327 antiquis
1202 3249 1298 3310 Athe-

264 3366 428 3446 niensibus,
454 3368 525 3445 quia
547 3367 624 3446 apud
646 3367 877 3446 Aristophanem
895 3367 956 3429 'hoc
979 3387 1084 3428 nornen
1108 3387 1165 3428 non
1188 3373 1246 3444 est,
1267 3373 1299 3427 et

263 3487 442 3562 tragicorum
464 3489 534 3546 sunt
556 3484 689 3563 exempta
712 3491 742 3545 et
763 3505 800 3546 ex
817 3486 1156 3547 mediacomoodiaduo.
1190 3485 1300 3546 Postea

263 3603 335 3663 nihii
359 3602 505 3680 vulgatius
535 3604 578 3664 vei
608 3606 684 3664 inter
706 3603 856 3664 Romanos
884 3605 1037 3682 usquead
1059 3603 1201 3666 Macrobii
1225 3611 1300 3665 reta-

264 3727 334 3799 tem,
357 3722 408 3799 qui
431 3720 468 3799 V,
489 3716 529 3782 21
554 3722 611 3783 hoc
633 3741 751 3801 nomen,
774 3726 876 3800 utpote
899 3721 1097 3783 “consuetum
1119 3723 1224 3800 vuigo’‘
1246 3741 1301 3783 ex·

264 3837 375 3913 piioaro
398 3855 455 3898 non
478 3839 548 3904 vult.
604 3839 692 3901 Plura
721 3840 899 3918 scyphorum
927 3858 1036 3917 genera
1068 3841 1199 3901 nominat
1225 3834 1299 3916 Ath.

265 3974 293 4032 p.
304 3950 378 4030 500,
391 3953 557 4034 Boeoticos,
569 3957 713 4035 Rhodios,
728 3957 941 4036 Syracusanos,
964 3957 1196 4035 Heracleoticos,
1219 3959 1299 4034 quod

266 4075 371 4131 nomen
396 4071 556 4133 Athenaeus
580 4075 655 4134 maio
677 4077 712 4135 ari
737 4074 893 4136 Heroutem
918 4075 1023 4156 refert,
1052 4093 1144 4154 quum
1172 4074 1209 4135 ab
1237 4073 1301 4134 He·
