2888 4576
600 181 730 268 'nm

149 389 325 488 ’προσθοῦ
346 400 456 486 λαβύν
477 405 495 488 ἢ
516 403 672 488 τρυβλίον,
705 413 874 488 comparato
917 409 1008 472 Festo
1029 428 1054 473 s.
1068 429 1093 472 v.
1109 407 1208 476 lanae:

172 522 248 601 “qni
270 521 382 584 lurtum
405 523 466 584 ibat
489 541 624 602 quarere
646 526 675 586 in
699 525 787 588 domo
809 527 915 606 aliana,
932 526 1000 589 licio
1023 529 1139 591 cinctus
1162 533 1229 619 ing
1354 551 1361 563 ·

171 639 281 716 trabat,
303 640 478 720 lancemque
499 647 568 704 anta
589 642 692 704 neulos
714 643 833 705 tenebat
860 649 980 723 propter
1008 651 1137 708 matrum
1164 647 1210 708 ia·

170 759 259 820 miliae
280 761 334 819 aut
356 761 503 838 virginum
524 758 740 840 praesentiam?
783 760 883 824 Schol.
905 763 958 826 Ar.
978 763 1063 828 Aul.
1081 764 1099 828 l.
1123 766 1211 827 docet

169 871 210 938 τὰ
238 875 369 958 τρυβλία
406 879 517 939 maiora
545 895 627 955 esse3
655 878 748 940 schol.
779 879 908 940 Achata.
940 857 1048 944 11102'
1074 881 1209 949 λεκάνια

169 995 227 1058 καὶ
239 991 413 1070 λεκανίδας
441 991 481 1058 τοὶ
505 995 638 1077 μείζονα
667 999 731 1062 min
756 991 928 1082 ὀξυβάφων
953 1001 1008 1061 καὶ
1035 996 1207 1064 ἐκπέταλα.

168 1111 214 1173 Aa
235 1130 273 1172 ne
293 1115 362 1190 quis
384 1118 478 1191 putet,
502 1114 572 1192 quia
594 1131 641 1192 ap.
663 1114 758 1176 schol
785 1115 836 1177 Ar.
867 1115 955 1194 Vesp.
976 1111 1041 1177 674
1062 1117 1208 1200 κηθύροα

168 1228 296 1308 legimus
317 1248 385 1294 esse
407 1220 446 1294 αὶ
468 1226 618 1314 ὀξύβαφα
641 1225 740 1310 ἕξῶυ
772 1228 844 1309 τούς
868 1231 980 1315 κύβους
1008 1229 1156 1318 ἠφίεσαν,
1177 1243 1208 1296 et

8 1417 10 1430 7
128 1433 132 1438 Ι
167 1345 246 1426 οβοά
270 1347 425 1413 Photium:
448 1348 561 1434 κύβια*
582 1344 731 1433 ὀξύβαφα
759 1347 805 1426 οἷς
837 1350 1027 1433 κυβεύουσιν,
1060 1350 1207 1431 profunda

167 1465 261 1528 luisse
283 1470 314 1527 el
334 1468 436 1546 pyrqis
463 1468 589 1547 similia,
617 1468 695 1547 apud
722 1470 849 1530 eundem
871 1469 966 1532 schol.
990 1470 1127 1548 legimus,
1149 1491 1207 1552 κη-

117 1567 292 1667 ’βύριου
323 1601 390 1644 essa
411 1581 540 1667 πλέγμα
561 1583 763 1661 navandum.
814 1585 957 1648 Videmus
986 1588 1095 1666 igitur,
1129 1588 1207 1648 anti·

167 1718 244 1780 quos
266 1718 324 1760 non
347 1701 443 1763 solum
465 1722 502 1766 ex
517 1703 669 1766 turriculis
684 1709 812 1782 angusto
823 1722 875 1766 ore
887 1710 930 1779 (v.
944 1704 1067 1768 Becker.
1080 1703 1156 1766 Gall.
1167 1703 1206 1782 ll,

166 1813 314 1896 ρ.222),
338 1819 520 1897 sedetiam,
553 1821 603 1882 ubi
637 1821 719 1883 nulla
753 1821 833 1883 lraus
866 1824 1025 1886 metuenda
1057 1827 1138 1902 erat,
1170 1841 1207 1882 ex

166 1938 278 2016 apertis
299 1937 463 1998 acetabulis
485 1939 560 2000 talos
583 1939 699 2000 iecisse.

251 2053 328 2116 Mine
348 2057 458 2116 erravit
481 2057 511 2116 in
533 2055 590 2117 huc
604 2058 725 2118 nomine
739 2055 882 2132 Pauolla,
904 2077 1032 2136 primum
1044 2060 1203 2120 discrimen

167 2171 288 2250 aliquod
309 2177 444 2234 statuens
466 2173 544 2234 inter
565 2167 732 2256 ὀξύβαφον
758 2180 789 2236 et
810 2171 1005 2260 οξυβοὶφιου,
1035 2176 1113 2254 quod
1137 2176 1204 2237 nul·

167 2285 229 2351 inm
251 2308 317 2352 esse
339 2293 515 2352 monstrauit
547 2291 691 2354 Letronu.
713 2293 841 2371 Ephem.
867 2285 962 2372 1833,
987 2311 1017 2370 p.
1039 2288 1104 2354 609
1124 2311 1204 2373 σαψ,

167 2412 231 2469 tum
252 2425 376 2485 prorsus
397 2413 501 2470 contra
521 2411 654 2471 omnium
682 2412 873 2490 antiquorum
902 2411 1071 2472 testimonia
1092 2410 1205 2490 oxyba-

166 2525 248 2605 phon
270 2531 418 2588 materam
439 2545 505 2588 esse
526 2532 670 2604 statuens,
693 2531 764 2606 quia
786 2531 815 2588 in
839 2528 913 2608 pede
934 2533 1067 2590 craterae
1078 2526 1204 2592 alicuius

167 2645 238 2706 stilo
258 2646 353 2706 irrasa
375 2646 530 2706 invenerat
554 2643 777 2716 ΟΞΥΒΛΦΛ
800 2644 809 2725 ξ
832 2648 899 2721 ΔΔ,
926 2665 954 2708 v.
975 2645 1068 2708 Rech.
1092 2641 1122 2723 1,
1144 2640 1204 2723 38;

168 2761 219 2841 Vl‚
240 2755 271 2822 8.
314 2761 442 2824 Secutm
462 2767 509 2824 est
530 2761 700 2824 Gathardus
723 2763 782 2826 llll.
806 2764 841 2825 ll.
870 2757 928 2845 193
957 2762 1010 2823 sed
1032 2779 1136 2842 nemo,
1169 2769 1204 2824 ut

166 2881 289 2959 opinor,⁸
305 2879 432 2960 amplius
454 2885 608 2959 sequetur,
630 2886 800 2960 postquam
817 2882 854 2941 de
883 2880 931 2940 his
958 2881 1038 2942 notia
1064 2885 1203 2942 accurate
1330 2931 1334 2938 .

166 2999 229 3074 egit
250 2996 430 3058 Letrunnius
452 2999 482 3060 in
505 2997 632 3077 Ephem.
653 2998 705 3060 Er.
729 2993 822 3078 1837,
844 3016 875 3076 p.
897 2991 962 3056 750
982 3014 1048 3074 sqq.
1087 2995 1202 3058 Hiavel
1273 2976 1279 2983 ’

166 3113 288 3193 pluralis
310 3109 460 3200 ὀξύβαφα
480 3115 626 3196 ostendit,
649 3115 685 3176 ad
713 3116 769 3176 hoc
798 3133 890 3176 unum
922 3129 974 3176 vas
1005 3111 1109 3174 relerri
1143 3129 1201 3174 non
1255 3149 1257 3154 .

164 3249 263 3311 posse.
306 3231 423 3294 Certum
445 3231 593 3311 oxybaphi
616 3231 739 3292 lormam
768 3238 892 3311 propter
912 3231 1042 3312 inopiam
1067 3231 1200 3291 testimo·

166 3350 284 3410 ninrum
317 3350 457 3428 equidem
490 3349 614 3409 delinire
647 3366 705 3408 non
738 3349 850 3427 aude03
884 3349 955 3409 illud
995 3351 1128 3425 constat,
1170 3347 1200 3408 in

165 3467 278 3544 ingenti
301 3465 350 3528 illo
373 3483 532 3545 parvorum
553 3465 689 3528 fictilium
712 3483 854 3538 numero,
888 3482 954 3543 qne
987 3463 1024 3524 ad
1052 3480 1107 3524 non
1131 3481 1201 3540 per·

164 3585 309 3662 venerint,
333 3583 522 3660 quaernndam
544 3600 621 3644 esse.

250 3699 284 3760 ln
312 3704 475 3760 extremum
509 3698 606 3761 locum
638 3699 808 3760 distulimus
840 3699 1023 3778 precipuum
1052 3696 1200 3776 quendam

163 3816 387 3895 oxybaphorum
409 3835 506 3880 usum.
549 3817 605 3878 Est
624 3817 674 3877 laia
696 3818 726 3892 iu
749 3815 857 3876 cottabi
880 3814 969 3893 ludo,
1002 3832 1091 3893 quem
1114 3831 1130 3874 a
1153 3813 1200 3875 Si·

164 3933 240 3994 culis
263 3935 414 3996 inventum
435 3952 537 3995 omnes
566 3933 660 3995 Graeai
693 3937 775 3994 tanto
808 3932 907 3994 studio
941 3936 1133 4012 receperunt,
1166 3936 1200 3990 ut
1227 3985 1230 3990 ,

163 4051 286 4130 quidun
307 4053 397 4114 etiam
420 4052 529 4114 cottabi
552 4052 622 4114 ludu
644 4069 733 4132 quam
757 4051 901 4116 iaculandi
924 4051 1085 4112 certamine
1101 4047 1199 4109 excel·

954 4163 998 4213 w
