2888 4576
633 189 858 296 ...r-u„
897 185 898 188 ψ

198 365 202 372 ⁸
229 401 360 460 cenricus
380 397 434 474 Xl,
445 392 519 474 469,
535 394 565 474 b,
588 395 711 474 quises
734 391 890 475 δυσχερεῖς
912 394 1051 473 appellat,
1076 398 1095 456 i.
1107 413 1134 457 e.
1149 414 1266 472 graves,

227 519 350 594 prepter
371 515 602 592 magnitudinem
629 513 750 589 opinor,
783 513 834 589 qui
861 511 946 573 lucile
972 513 1072 572 ebrios
1093 512 1266 586 redderent,

228 635 350 711 quicum
371 633 508 709 congruit
529 631 608 708 quod
631 647 698 691 cum
721 629 880 693 Rhodiacis
908 629 1041 706 poculis,
1070 646 1138 706 qum
1160 646 1273 706 magna

229 749 360 828 luerunt,
381 752 606 827 componuntur.
879 811 881 816 ,

309 861 552 948 Ἑμβοισικοίταν
572 865 699 926 eundem
721 863 867 926 dicebant.
910 864 999 925 Errat
1028 863 1065 925 ΙΙ.
1095 863 1267 941 Stephanus

230 985 411 1044 transitivum
434 985 493 1043 vim
514 981 584 1050 huic
606 981 746 1042 vocabulo
770 982 911 1054 tribuens,
934 979 1036 1058 “quod
1059 985 1197 1058 potantes
1220 980 1277 1040 la-'

229 1105 311 1161 ceret
332 1098 498 1182 ἐμβαίνειν
519 1095 576 1174 τὰς
596 1098 739 1178 κοίτας”;
762 1115 816 1158 nec
838 1099 936 1158 micus
955 1101 1056 1158 errant
1068 1098 1266 1158 recentissimi

230 1218 361 1277 thesauri
383 1217 522 1293 editores,
544 1220 666 1294 propter
686 1215 865 1276 obscoenum
887 1214 1019 1274 Petronii
1052 1212 1167 1284 lusuru-
1184 1220 1267 1292 (cap.

228 1329 283 1405 24)
317 1336 405 1394 etiam
439 1334 567 1412 speciem
606 1333 677 1394 huic
713 1332 833 1393 vasculo
872 1332 1035 1392 tribuentes
1073 1332 1267 1392 obscoenam.

232 1451 339 1512 Verum
360 1451 448 1533 κοίτη
470 1468 527 1510 non
550 1450 646 1510 solum
668 1450 821 1511 bominum
844 1453 918 1531 erat,
948 1449 1000 1509 sed
1024 1449 1114 1508 etiem
1137 1448 1269 1509 cibario-

231 1587 295 1628 rurn
317 1567 448 1650 (κίστη),
471 1572 505 1628 ut
526 1568 614 1628 docet
635 1567 739 1628 Pollux
767 1567 814 1643 X,
835 1561 888 1644 9Ι,
910 1571 957 1644 εί,
990 1570 1023 1626 ut
1045 1567 1167 1644 opinor,
1191 1566 1266 1628 vini.

231 1684 356 1746 Videtur
377 1687 468 1762 igitur
488 1683 545 1745 boe
566 1701 636 1760 vas,
669 1685 748 1760 quod
781 1685 811 1744 in
840 1688 985 1744 crateram
1007 1683 1214 1745 demitteretur
1235 1687 1269 1744 et

230 1803 314 1877 quasi
337 1801 446 1861 lectum
468 1802 528 1862 vini
551 1799 774 1879 conscenderet,
796 1797 1020 1883 induceremur
1042 1800 1150 1860 dictus.
1325 1767 1337 1781 '

493 2029 524 2092 3.
567 2031 714 2117 novet,
735 2035 797 2095 sive
819 2001 988 2107 κότυλος.

313 2200 510 2279 Apollodorus
523 2218 569 2280 ap.
582 2202 653 2260 Alb.
665 2201 720 2282 xl,
731 2197 804 2282 479,
826 2221 854 2264 a.
876 2202 945 2266 πᾶν
966 2195 1001 2263 τὸ
1023 2199 1143 2281 κοῖλον,
1156 2203 1267 2279 inquit,

229 2315 361 2399 κοτύλην
372 2315 507 2383 ἒκοίλονν
525 2313 557 2381 oi
577 2317 724 2398 παλαιοί,
746 2319 834 2396 male,
856 2319 996 2397 quoniam
1019 2323 1079 2378 tam
1101 2317 1216 2380 infinita
1236 2325 1268 2380 et

230 2435 288 2494 late
310 2439 414 2510 palens
438 2437 518 2494 notio
541 2437 570 2494 in
593 2437 741 2512 primariis
764 2436 931 2496 nominibus
954 2453 1011 2495 nou
1035 2441 1090 2499 est.
1139 2435 1266 2518 Κοτύλη

229 2553 347 2628 proprie
369 2550 488 2611 trullam
509 2551 675 2630 significat,
698 2542 750 2613 sed
773 2560 894 2632 propter
917 2553 1012 2613 trullae
1041 2554 1189 2632 quandam
1221 2557 1266 2615 si·

229 2667 425 2727 militudinem
447 2670 537 2728 etiam
559 2669 623 2729 alim
645 2687 693 2728 ros
715 2687 795 2730 cavae
827 2669 959 2734 κοιιίλαι
991 2670 1078 2730 dictae
1111 2675 1197 2746 suut,
1233 2678 1269 2732 ut

229 2783 414 2844 acetabulum
436 2784 566 2865 femoris,
589 2802 622 2848 u*
640 2785 727 2848 Hom.
751 2785 784 2849 ΙΙ.
807 2809 834 2867 ε,
856 2781 936 2848 305:
959 2785 961 2792 '

156 2904 160 2910 V
272 2933 326 3020 Tagi
344 2920 449 3016 βάλεν
460 2934 599 3001 Αἰνείαο
621 2905 689 3000 κοτ’
709 2936 810 3018 ἰσχίον
830 2934 918 3000 ἔνθα
944 2961 976 3000 τε
996 2937 1096 3020 μηρὸς

270 3050 360 3138 ἰσχίῳ
382 3049 595 3136 ἐνστρέφεται,
618 3051 752 3136 κοτίλην
773 3051 812 3116 δέ
830 3057 866 3116 τέ
883 3076 940 3136 μιν
961 3055 1139 3119 καλέουσιν.

230 3201 288 3260 Alii
316 3203 443 3261 eundem
473 3201 603 3270 ἄλεισον
623 3208 653 3264 et
674 3201 786 3267 κύλικα
808 3204 955 3281 dicebant,
979 3225 1005 3266 v.
1028 3206 1097 3266 Ath.
1112 3205 1168 3284 xl,
1187 3202 1265 3285 479,

230 3336 257 3392 c,
279 3317 332 3376 sed
354 3317 588 3406 vulgatissimum
611 3339 717 3381 nomeu
740 3323 804 3382 erut
825 3318 1004 3405 κοινλήδων
1025 3326 1068 3395 (ν.
1091 3322 1143 3386 Ar.
1171 3323 1263 3404 Vesp.
1294 3319 1302 3330 '

230 3428 328 3514 14953
361 3437 484 3498 Aristot.
506 3435 583 3496 Hist.
616 3437 733 3498 animal.
762 3436 793 3516 Ι,
817 3432 875 3515 133
897 3438 956 3522 lli,
978 3435 1026 3518 7),
1061 3457 1121 3517 quo
1144 3443 1266 3503 nomine

228 3551 319 3608 etiam
340 3569 410 3612 cava
434 3553 482 3613 illa
503 3552 676 3612 dicebantur
709 3553 738 3611 in
768 3552 897 3615 brachiis
924 3555 1120 3634 polypodum,
1155 3558 1266 3635 quibus

228 3665 414 3742 prehendunt
447 3671 478 3727 et
509 3668 754 3747 complectuntur.
810 3670 1018 3734 Similitudinis
1051 3692 1140 3734 causa
1173 3676 1265 3736 etiarn

228 3780 316 3840 ludus
337 3782 434 3842 dictus
457 3779 493 3848 ἐν
513 3782 642 3872 κοτύλῃ,
665 3785 731 3863 ubi,
762 3788 813 3863 qui
841 3788 936 3848 victus
957 3794 1032 3868 erat,
1054 3794 1123 3868 post
1145 3795 1264 3867 tergum

228 3897 347 3954 retortis
369 3898 502 3957 manibus
525 3899 667 3958 victorem
696 3905 813 3979 portare
842 3902 985 3983 debebat,
1019 3905 1104 3967 llexis
1137 3908 1266 3984 genibus

103 4048 108 4059 κ
228 4027 298 4070 cava
322 4028 459 4072 manuum
483 4015 567 4088 quasi
591 4012 740 4074 acetabula
763 4024 962 4098 prementem,
987 4041 1012 4081 v.
1030 4024 1265 4102 Apollodor.ap.
