2876 4580
653 218 659 232 ¹
726 213 770 278 40

234 417 325 480 Pictas
346 417 515 500 amphoris,
538 435 604 494 quae
625 434 713 478 suurn
734 417 840 494 pedem
862 415 991 496 habent,
1013 422 1116 495 postca
1131 409 1271 480 'cumme-

235 536 438 600 morabuntur.

636 731 685 798 ll.
728 735 867 814 Κάδος.

317 887 391 950 Gadi
424 907 532 950 nornen
564 889 602 952 ad
633 890 757 952 eandem
786 891 911 969 stirpem
940 889 1129 952 referendum
1162 895 1209 951 est
1236 909 1271 952 ac

237 1007 359 1068 verbum
370 1005 534 1090 χανδάνω,
556 1008 577 1068 i.
594 1025 622 1070 e.
635 1010 732 1088 capio,
743 1012 777 1070 ut
790 1010 910 1088 proprie
924 1010 966 1070 sit
987 1026 1049 1089 vas,
1072 1009 1152 1088 quod
1174 1010 1272 1088 capiat

233 1127 298 1186 sive
320 1126 444 1204 recipiat
465 1125 588 1204 aliquid.
632 1126 671 1186 Et
693 1125 779 1188 facile
801 1127 908 1205 credo,
941 1129 1002 1188 vim
1023 1128 1113 1190 huius
1135 1125 1271 1188 vocabuli

235 1244 309 1304 satis
330 1243 391 1306 late
418 1245 560 1322 patuisse.
614 1241 783 1306 Clitarchus
803 1245 924 1324 quidem
947 1263 994 1325 ap.
1015 1246 1193 1306 Athenaeum
1214 1243 1272 1322 xl,

236 1357 315 1440 473,
348 1361 378 1422 b.
402 1368 507 1424 auctor
535 1367 597 1442 est,
629 1361 716 1424 locos
737 1357 773 1426 cd
795 1361 950 1446 κεράμιον
970 1363 1138 1442 appellasse
1159 1360 1272 1426 addar.

235 1479 384 1564 Kepoipm
409 1485 510 1542 autem
537 1483 600 1542 sire
629 1485 713 1542 testa
742 1499 834 1559 quum
856 1483 972 1560 possint
992 1482 1092 1543 vocari
1114 1482 1214 1541 omnia
1234 1499 1273 1540 er

236 1599 338 1678 argilla
361 1598 454 1678 lacta,
486 1604 550 1660 tum
577 1598 666 1676 vulgo
694 1617 729 1660 ea
758 1604 873 1660 tantum
902 1617 972 1662 rasa
1002 1601 1142 1662 dicuntur
1163 1597 1273 1676 qulbus

236 1726 390 1778 remeatur
410 1717 551 1796 liquores.
600 1717 689 1779 Hunc
710 1717 851 1778 cadorum
874 1736 962 1780 usum
981 1718 1116 1780 ridemus
1136 1735 1185 1795 ap.
1209 1715 1272 1776 lle-

237 1835 374 1896 rodotum
403 1833 462 1914 ill,
493 1830 552 1898 20:
584 1836 674 1900 οἴνου
694 1838 873 1919 porvcsplou
893 1834 1013 1911 κάδον,
1047 1837 1076 1896 in
1098 1833 1271 1896 Archilochi

238 1951 274 2018 ir.
297 1970 345 2032 ap.
368 1952 439 2016 Aah
463 1952 524 2027 xi,
551 1945 631 2031 483,
666 1953 701 2015 d:
723 1955 840 2018 solim
859 1949 984 2038 arripui
1004 1953 1127 2039 ἄφελκε
1147 1950 1274 2030 κάδων,

239 2053 385 2150 imprimis
400 2071 479 2151 apud
492 2070 797 2153 Latinosscriptorcs,
819 2072 988 2149 Horatium,
1009 2071 1189 2145 Martiales,
1212 2069 1275 2130 Pli-

238 2189 321 2253 nium
343 2184 612 2252 commemorantur
627 2177 697 2251 vcadi
720 2209 813 2269 quum
835 2191 959 2252 aliarum
980 2209 1097 2270 rerum,
1120 2194 1183 2250 tum
1200 2189 1273 2267 vini,

237 2311 269 2368 et
297 2305 364 2370 Chii
391 2307 481 2382 (Hor.
510 2307 567 2370 Od.
596 2307 654 2390 lli,
679 2304 736 2391 19,
765 2305 803 2390 53
846 2308 924 2370 Plin.
953 2307 1099 2385 XXXVl,
1122 2303 1179 2387 12,
1211 2303 1273 2386 593

239 2423 348 2489 Athen.
373 2425 429 2503 xl,
449 2421 530 2506 473,
557 2432 592 2500 a)
614 2431 645 2488 et
664 2427 810 2504 aliorum,
831 2429 866 2489 ut
887 2426 1014 2507 Albani,
1036 2425 1137 2489 Tusci.
1181 2424 1274 2486 Vide·

101 2605 106 2618 ,
239 2557 306 2604 mus
327 2544 467 2605 cadorum
489 2562 576 2606 usum
596 2545 635 2607 ab
656 2546 807 2625 amphoris
829 2564 886 2606 oon
908 2549 1074 2625 semotum3
1100 2559 1273 2604 mensuram

240 2679 360 2742 quoque
381 2663 505 2725 eandem
528 2662 674 2726 indicasse
695 2663 873 2744 accipimus3
916 2680 984 2724 nam
1006 2660 1203 2724 Philochorus
1223 2677 1274 2740 ap.

241 2779 316 2843 Poll.
325 2780 366 2860 Χ,
387 2775 428 2842 71
451 2775 545 2862 nupsi
566 2791 630 2856 τοῖς
649 2781 813 2856 παλαιοῖς,
835 2781 936 2861 tradit,
959 2775 1016 2846 cdv
1037 2775 1188 2863 ἀμφορέα
1209 2801 1273 2842 aa·

239 2899 373 2962 λεῖσθαι
383 2895 485 2966 κάδον
501 2901 556 2962 aot
568 2893 603 2964 τὸ
616 2894 838 2984 ἦμιαμφόριον
859 2894 1039 2983 incautos,
1061 2899 1181 2976 quicum
1197 2914 1272 2957 con·

239 3019 332 3078 sentit
352 3016 522 3080 Priscianus
543 3018 581 3079 de
602 3017 696 3082 Pond.
719 3023 750 3078 et
771 3017 866 3080 Mens.
888 3012 948 3080 85:
983 3017 1106 3078 “Attics
1128 3004 1273 3095 praterea

175 3160 178 3166 ·
241 3136 364 3198 dicenda
385 3143 431 3198 est
452 3135 593 3214 amphora
614 3135 719 3217 nobis,
750 3153 803 3198 sou
831 3135 951 3198 cadus.”
1000 3132 1062 3196 Nec
1084 3137 1183 3196 tamen
1207 3132 1274 3192 ideo

239 3255 331 3316 cadus
359 3258 390 3316 et
416 3254 558 3332 amphora
585 3271 709 3334 prorsus
737 3254 840 3348 eadem
871 3254 964 3315 luisse
995 3253 1153 3314 statuenda
1184 3255 1275 3331 sunt3

241 3389 308 3433 narn
330 3377 579 3434 commemoratur
600 3374 690 3434 etiam
712 3373 788 3434 alius
809 3372 962 3452 multiplex
984 3371 1124 3434 cadorum
1144 3387 1232 3430 usus.

335 3490 468 3552 Primum
500 3490 652 3570 amphora
689 3493 816 3554 maxime
847 3492 948 3552 uinum
981 3491 1010 3550 in
1050 3479 1135 3550 cellis
1167 3487 1274 3548 condi·

243 3613 305 3668 tum
330 3609 503 3691 servabant,
536 3609 602 3670 cadi
631 3610 806 3688 plerumque
828 3609 1024 3670 inconvictis
1046 3606 1272 3668 adhibebantur.

1 3727 3 3735 “
106 3789 108 3792 ,
241 3725 303 3787 Nec
331 3732 428 3789 tamen
458 3745 517 3788 oon
547 3745 653 3806 magno
680 3745 773 3807 opere
802 3729 945 3788 miramur
965 3731 1120 3804 stuporem
1141 3722 1274 3784 Simmiae

147 3925 150 3934 .
241 3845 440 3924 grammatici,
474 3863 562 3923 quem
582 3849 695 3906 lamere
716 3847 852 3923 sequitur
871 3844 1033 3906 Athenaeus
1055 3841 1117 3920 xl,
1139 3835 1222 3918 472,
1245 3859 1274 3917 e,

240 3978 319 4040 sqq„
341 3961 485 4041 dicentis,
507 3961 613 4024 cadum
634 3979 701 4022 esso
721 3961 887 4046 ποτήριον,
910 3964 960 4040 qui
983 3979 1041 4022 non
1064 3959 1188 4036 uiderit,
1210 3959 1274 4018 ain·

241 4078 372 4156 gelarent
393 4086 435 4144 ¹et
467 4077 621 4140 ridiculam
653 4080 775 4140 indicari
809 4081 1066 4159 intemperantiam
1102 4078 1146 4139 vel
1182 4093 1274 4154 quum
