<?xml version="1.0" encoding="UTF-8"?>
<!DOCTYPE html PUBLIC "-//W3C//DTD XHTML 1.0 Transitional//EN"
    "http://www.w3.org/TR/xhtml1/DTD/xhtml1-transitional.dtd">
<html xmlns="http://www.w3.org/1999/xhtml" xml:lang="en" lang="en">
 <head>
  <title>
</title>
<meta http-equiv="Content-Type" content="text/html;charset=utf-8" />
  <meta name='ocr-system' content='tesseract 3.04.00' />
  <meta name='ocr-capabilities' content='ocr_page ocr_carea ocr_par ocr_line ocrx_word'/>
</head>
<body>
  <div class='ocr_page' id='page_1' title='image "./denominibusvaso01ussigoog_0017.png"; bbox 0 0 2876 4580; ppageno 0'>
   <div class='ocr_carea' id='block_1_1' title="bbox 674 189 710 254">
    <p class='ocr_par' dir='ltr' id='par_1_1' title="bbox 674 189 710 254">
     <span class='ocr_line' id='line_1_1' title="bbox 674 189 710 254; baseline 0.056 -2"><span class='ocrx_word' id='word_1_1' title='bbox 674 189 710 254; x_wconf 90' lang='lat' dir='ltr'>ll</span> 
     </span>
    </p>
   </div>
   <div class='ocr_carea' id='block_1_2' title="bbox 159 389 1243 2598">
    <p class='ocr_par' dir='ltr' id='par_1_2' title="bbox 159 389 1243 2598">
     <span class='ocr_line' id='line_1_2' title="bbox 166 389 1243 478; baseline 0.006 -22"><span class='ocrx_word' id='word_1_2' title='bbox 166 395 269 457; x_wconf 67' lang='lat' dir='ltr'>indue</span> <span class='ocrx_word' id='word_1_3' title='bbox 290 394 468 457; x_wconf 79' lang='lat' dir='ltr'><strong>Lectionum</strong></span> <span class='ocrx_word' id='word_1_4' title='bbox 489 394 725 456; x_wconf 87' lang='lat' dir='ltr'>Beroiinensiurn</span> <span class='ocrx_word' id='word_1_5' title='bbox 748 389 918 458; x_wconf 77' lang='lat'><strong>1831-32</strong></span> <span class='ocrx_word' id='word_1_6' title='bbox 938 413 967 474; x_wconf 92' lang='lat' dir='ltr'>p.</span> <span class='ocrx_word' id='word_1_7' title='bbox 989 393 1027 470; x_wconf 75' lang='lat'>3)</span> <span class='ocrx_word' id='word_1_8' title='bbox 1050 401 1142 478; x_wconf 92' lang='lat' dir='ltr'>petit,</span> <span class='ocrx_word' id='word_1_9' title='bbox 1176 405 1209 462; x_wconf 94' lang='lat' dir='ltr'>ut</span> <span class='ocrx_word' id='word_1_10' title='bbox 1240 411 1243 416; x_wconf 86' lang='lat'>&#39;</span> 
     </span>
     <span class='ocr_line' id='line_1_3' title="bbox 165 499 1208 592; baseline 0.007 -20"><span class='ocrx_word' id='word_1_11' title='bbox 165 513 224 574; x_wconf 85' lang='lat' dir='ltr'>sihi</span> <span class='ocrx_word' id='word_1_12' title='bbox 245 512 335 574; x_wconf 88' lang='lat' dir='ltr'>liceat</span> <span class='ocrx_word' id='word_1_13' title='bbox 357 531 434 574; x_wconf 76' lang='lat' dir='ltr'>noro</span> <span class='ocrx_word' id='word_1_14' title='bbox 456 499 574 574; x_wconf 81' lang='lat' dir='ltr'>nomin&#39;e</span> <span class='ocrx_word' id='word_1_15' title='bbox 595 513 761 591; x_wconf 87' lang='lat' dir='ltr'>praemiaria</span> <span class='ocrx_word' id='word_1_16' title='bbox 781 511 892 576; x_wconf 80' lang='lat' dir='ltr'>dicere.</span> <span class='ocrx_word' id='word_1_17' title='bbox 936 514 1050 576; x_wconf 86' lang='lat' dir='ltr'>Vereor</span> <span class='ocrx_word' id='word_1_18' title='bbox 1064 533 1146 592; x_wconf 81' lang='lat' dir='ltr'>saue,</span> <span class='ocrx_word' id='word_1_19' title='bbox 1170 534 1208 580; x_wconf 90' lang='lat' dir='ltr'>ue</span> 
     </span>
     <span class='ocr_line' id='line_1_4' title="bbox 165 633 1208 710; baseline 0.006 -20"><span class='ocrx_word' id='word_1_20' title='bbox 165 649 226 692; x_wconf 85' lang='lat' dir='ltr'>uon</span> <span class='ocrx_word' id='word_1_21' title='bbox 249 635 310 692; x_wconf 89' lang='lat' dir='ltr'>tam</span> <span class='ocrx_word' id='word_1_22' title='bbox 334 649 451 710; x_wconf 88' lang='lat' dir='ltr'>nomen,</span> <span class='ocrx_word' id='word_1_23' title='bbox 474 649 562 709; x_wconf 87' lang='lat' dir='ltr'>quam</span> <span class='ocrx_word' id='word_1_24' title='bbox 585 647 633 692; x_wconf 86' lang='lat' dir='ltr'>res</span> <span class='ocrx_word' id='word_1_25' title='bbox 655 633 719 708; x_wconf 89' lang='lat' dir='ltr'>ipsa</span> <span class='ocrx_word' id='word_1_26' title='bbox 741 648 815 692; x_wconf 86' lang='lat' dir='ltr'>nova</span> <span class='ocrx_word' id='word_1_27' title='bbox 837 636 868 692; x_wconf 88' lang='lat' dir='ltr'>et</span> <span class='ocrx_word' id='word_1_28' title='bbox 889 633 1021 695; x_wconf 81' lang='lat' dir='ltr'>inaudita</span> <span class='ocrx_word' id='word_1_29' title='bbox 1038 635 1086 696; x_wconf 90' lang='lat' dir='ltr'>sit.</span> <span class='ocrx_word' id='word_1_30' title='bbox 1132 634 1208 696; x_wconf 87' lang='lat' dir='ltr'>Nam</span> 
     </span>
     <span class='ocr_line' id='line_1_5' title="bbox 165 749 1208 830; baseline 0.006 -22"><span class='ocrx_word' id='word_1_31' title='bbox 165 749 245 826; x_wconf 89' lang='lat' dir='ltr'>apud</span> <span class='ocrx_word' id='word_1_32' title='bbox 258 749 422 810; x_wconf 83' lang='lat' dir='ltr'>Homerum</span> <span class='ocrx_word' id='word_1_33' title='bbox 445 749 565 828; x_wconf 88' lang='lat' dir='ltr'>quidem</span> <span class='ocrx_word' id='word_1_34' title='bbox 588 767 647 808; x_wconf 89' lang='lat' dir='ltr'>una</span> <span class='ocrx_word' id='word_1_35' title='bbox 670 767 738 809; x_wconf 90' lang='lat' dir='ltr'>cum</span> <span class='ocrx_word' id='word_1_36' title='bbox 759 751 864 829; x_wconf 86' lang='lat' dir='ltr'>servis,</span> <span class='ocrx_word' id='word_1_37' title='bbox 886 769 952 812; x_wconf 88' lang='lat' dir='ltr'>euru</span> <span class='ocrx_word' id='word_1_38' title='bbox 974 754 1101 830; x_wconf 82' lang='lat' dir='ltr'>pecunia</span> <span class='ocrx_word' id='word_1_39' title='bbox 1124 753 1208 814; x_wconf 85' lang='lat' dir='ltr'>atiis·</span> 
     </span>
     <span class='ocr_line' id='line_1_6' title="bbox 166 866 1207 944; baseline 0.005 -17"><span class='ocrx_word' id='word_1_40' title='bbox 166 885 227 944; x_wconf 87' lang='lat' dir='ltr'>que</span> <span class='ocrx_word' id='word_1_41' title='bbox 254 866 346 928; x_wconf 83' lang='lat' dir='ltr'>rebus</span> <span class='ocrx_word' id='word_1_42' title='bbox 379 869 513 928; x_wconf 70' lang='lat' dir='ltr'>videam</span> <span class='ocrx_word' id='word_1_43' title='bbox 544 868 633 927; x_wconf 88' lang='lat' dir='ltr'>etiam</span> <span class='ocrx_word' id='word_1_44' title='bbox 663 883 732 926; x_wconf 85' lang='lat' dir='ltr'>vasa</span> <span class='ocrx_word' id='word_1_45' title='bbox 759 869 889 944; x_wconf 86' lang='lat' dir='ltr'>pretiosa</span> <span class='ocrx_word' id='word_1_46' title='bbox 917 887 983 930; x_wconf 87' lang='lat' dir='ltr'>esee</span> <span class='ocrx_word' id='word_1_47' title='bbox 1011 872 1207 932; x_wconf 74' lang='lat' dir='ltr'><strong>certaminum</strong></span> 
     </span>
     <span class='ocr_line' id='line_1_7' title="bbox 165 983 1207 1064; baseline 0.007 -21"><span class='ocrx_word' id='word_1_48' title='bbox 165 985 282 1064; x_wconf 70' lang='lat' dir='ltr'>pretia,</span> <span class='ocrx_word' id='word_1_49' title='bbox 325 989 431 1062; x_wconf 90' lang='lat' dir='ltr'>postea</span> <span class='ocrx_word' id='word_1_50' title='bbox 458 1002 529 1044; x_wconf 86' lang='lat' dir='ltr'>vero</span> <span class='ocrx_word' id='word_1_51' title='bbox 561 983 654 1061; x_wconf 77' lang='lat' dir='ltr'>gioria</span> <span class='ocrx_word' id='word_1_52' title='bbox 682 985 747 1062; x_wconf 87' lang='lat' dir='ltr'>ipsa</span> <span class='ocrx_word' id='word_1_53' title='bbox 769 985 899 1046; x_wconf 74' lang='lat' dir='ltr'>victorie</span> <span class='ocrx_word' id='word_1_54' title='bbox 920 990 952 1048; x_wconf 89' lang='lat' dir='ltr'>et</span> <span class='ocrx_word' id='word_1_55' title='bbox 972 986 1068 1049; x_wconf 90' lang='lat' dir='ltr'>honor</span> <span class='ocrx_word' id='word_1_56' title='bbox 1089 1005 1207 1050; x_wconf 76' lang='lat' dir='ltr'>coronas</span> 
     </span>
     <span class='ocr_line' id='line_1_8' title="bbox 166 1083 1207 1184; baseline 0.006 -22"><span class='ocrx_word' id='word_1_57' title='bbox 166 1103 242 1164; x_wconf 83' lang='lat' dir='ltr'>satis</span> <span class='ocrx_word' id='word_1_58' title='bbox 263 1103 377 1180; x_wconf 71' lang='lat' dir='ltr'>premii</span> <span class='ocrx_word' id='word_1_59' title='bbox 400 1101 493 1163; x_wconf 87' lang='lat' dir='ltr'>tuisse</span> <span class='ocrx_word' id='word_1_60' title='bbox 514 1101 643 1164; x_wconf 81' lang='lat' dir='ltr'>videtur.</span> <span class='ocrx_word' id='word_1_61' title='bbox 677 1100 710 1162; x_wconf 92' lang='lat' dir='ltr'>tn</span> <span class='ocrx_word' id='word_1_62' title='bbox 729 1083 956 1166; x_wconf 81' lang='lat' dir='ltr'>Panathenaicis</span> <span class='ocrx_word' id='word_1_63' title='bbox 977 1110 1121 1184; x_wconf 74' lang='lat' dir='ltr'>preterea</span> <span class='ocrx_word' id='word_1_64' title='bbox 1143 1125 1207 1168; x_wconf 88' lang='lat' dir='ltr'>me-</span> 
     </span>
     <span class='ocr_line' id='line_1_9' title="bbox 167 1213 1204 1288; baseline 0.009 -10"><span class='ocrx_word' id='word_1_65' title='bbox 167 1223 261 1279; x_wconf 87' lang='lat' dir='ltr'>tretes</span> <span class='ocrx_word' id='word_1_66' title='bbox 290 1220 349 1281; x_wconf 88' lang='lat' dir='ltr'>otei</span> <span class='ocrx_word' id='word_1_67' title='bbox 376 1237 413 1280; x_wconf 81' lang='lat' dir='ltr'>ex</span> <span class='ocrx_word' id='word_1_68' title='bbox 440 1221 534 1281; x_wconf 87' lang='lat' dir='ltr'>sacris</span> <span class='ocrx_word' id='word_1_69' title='bbox 561 1219 632 1280; x_wconf 71' lang='lat' dir='ltr'>Dee</span> <span class='ocrx_word' id='word_1_70' title='bbox 660 1213 817 1282; x_wconf 78' lang='lat' dir='ltr'>arboribus</span> <span class='ocrx_word' id='word_1_71' title='bbox 846 1223 1011 1284; x_wconf 78' lang='lat' dir='ltr'>donabatur</span> <span class='ocrx_word' id='word_1_72' title='bbox 1033 1224 1204 1288; x_wconf 84' lang='lat' dir='ltr'>victoribus.</span> 
     </span>
     <span class='ocr_line' id='line_1_10' title="bbox 168 1336 1205 1421; baseline 0.005 -23"><span class='ocrx_word' id='word_1_73' title='bbox 168 1336 247 1415; x_wconf 82' lang='lat' dir='ltr'>Quis</span> <span class='ocrx_word' id='word_1_74' title='bbox 262 1355 320 1398; x_wconf 92' lang='lat' dir='ltr'>non</span> <span class='ocrx_word' id='word_1_75' title='bbox 334 1339 425 1416; x_wconf 86' lang='lat' dir='ltr'>videt,</span> <span class='ocrx_word' id='word_1_76' title='bbox 448 1338 629 1399; x_wconf 87' lang='lat' dir='ltr'>vasenteum</span> <span class='ocrx_word' id='word_1_77' title='bbox 651 1341 865 1420; x_wconf 75' lang='lat' dir='ltr'>contineretur,</span> <span class='ocrx_word' id='word_1_78' title='bbox 889 1339 1130 1421; x_wconf 68' lang='lat' dir='ltr'>neeessetuhse3</span> <span class='ocrx_word' id='word_1_79' title='bbox 1151 1343 1205 1404; x_wconf 89' lang='lat' dir='ltr'>sed</span> 
     </span>
     <span class='ocr_line' id='line_1_11' title="bbox 166 1453 1204 1535; baseline 0.006 -19"><span class='ocrx_word' id='word_1_80' title='bbox 166 1457 267 1516; x_wconf 88' lang='lat' dir='ltr'>oleum</span> <span class='ocrx_word' id='word_1_81' title='bbox 277 1453 432 1535; x_wconf 84' lang='lat' dir='ltr'>proem&#39;ium</span> <span class='ocrx_word' id='word_1_82' title='bbox 444 1455 509 1534; x_wconf 84' lang='lat' dir='ltr'>tuit,</span> <span class='ocrx_word' id='word_1_83' title='bbox 522 1474 580 1516; x_wconf 92' lang='lat' dir='ltr'>non</span> <span class='ocrx_word' id='word_1_84' title='bbox 592 1473 653 1517; x_wconf 89' lang='lat' dir='ltr'>vas.</span> <span class='ocrx_word' id='word_1_85' title='bbox 677 1455 784 1534; x_wconf 85' lang='lat' dir='ltr'>(Quod</span> <span class='ocrx_word' id='word_1_86' title='bbox 795 1457 908 1534; x_wconf 89' lang='lat' dir='ltr'>primus</span> <span class='ocrx_word' id='word_1_87' title='bbox 920 1458 1204 1523; x_wconf 82' lang='lat' dir='ltr'>docuitBrtndsted:</span> 
     </span>
     <span class='ocr_line' id='line_1_12' title="bbox 166 1569 1204 1658; baseline 0.004 -24"><span class='ocrx_word' id='word_1_88' title='bbox 166 1573 214 1634; x_wconf 87' lang='lat' dir='ltr'>On</span> <span class='ocrx_word' id='word_1_89' title='bbox 237 1573 437 1636; x_wconf 87' lang='lat' dir='ltr'>Panathenaic</span> <span class='ocrx_word' id='word_1_90' title='bbox 459 1591 546 1634; x_wconf 74' lang='lat' dir='ltr'>cases</span> <span class='ocrx_word' id='word_1_91' title='bbox 566 1576 596 1634; x_wconf 93' lang='lat' dir='ltr'>in</span> <span class='ocrx_word' id='word_1_92' title='bbox 619 1573 829 1635; x_wconf 85' lang='lat' dir='ltr'>Transactious</span> <span class='ocrx_word' id='word_1_93' title='bbox 851 1573 884 1636; x_wconf 85' lang='lat' dir='ltr'>oi</span> <span class='ocrx_word' id='word_1_94' title='bbox 904 1575 955 1636; x_wconf 92' lang='lat' dir='ltr'>the</span> <span class='ocrx_word' id='word_1_95' title='bbox 967 1569 1061 1654; x_wconf 68' lang='lat' dir='ltr'>nopai</span> <span class='ocrx_word' id='word_1_96' title='bbox 1072 1576 1204 1658; x_wconf 79' lang='lat' dir='ltr'>Society,</span> 
     </span>
     <span class='ocr_line' id='line_1_13' title="bbox 165 1685 1204 1774; baseline 0.006 -22"><span class='ocrx_word' id='word_1_97' title='bbox 165 1691 224 1754; x_wconf 78' lang='lat' dir='ltr'>rot.</span> <span class='ocrx_word' id='word_1_98' title='bbox 247 1690 294 1771; x_wconf 89' lang='lat' dir='ltr'>u,</span> <span class='ocrx_word' id='word_1_99' title='bbox 317 1711 347 1770; x_wconf 89' lang='lat' dir='ltr'>p.</span> <span class='ocrx_word' id='word_1_100' title='bbox 370 1685 457 1761; x_wconf 83' lang='grc'><strong>133).</strong></span> <span class='ocrx_word' id='word_1_101' title='bbox 502 1690 581 1752; x_wconf 87' lang='lat' dir='ltr'>Vasa</span> <span class='ocrx_word' id='word_1_102' title='bbox 610 1697 695 1752; x_wconf 84' lang='lat' dir='ltr'>erant</span> <span class='ocrx_word' id='word_1_103' title='bbox 716 1693 866 1771; x_wconf 82' lang='lat' dir='ltr'>amphorae</span> <span class='ocrx_word' id='word_1_104' title='bbox 888 1693 939 1754; x_wconf 92' lang='lat' dir='ltr'>itio</span> <span class='ocrx_word' id='word_1_105' title='bbox 961 1699 1093 1773; x_wconf 87' lang='lat' dir='ltr'>tempore</span> <span class='ocrx_word' id='word_1_106' title='bbox 1116 1696 1204 1774; x_wconf 79' lang='lat' dir='ltr'>vutgo</span> 
     </span>
     <span class='ocr_line' id='line_1_14' title="bbox 165 1808 1203 1889; baseline 0.006 -19"><span class='ocrx_word' id='word_1_107' title='bbox 165 1814 327 1889; x_wconf 73' lang='lat' dir='ltr'>usurpatae,</span> <span class='ocrx_word' id='word_1_108' title='bbox 341 1808 448 1869; x_wconf 79' lang='lat' dir='ltr'>fictiles</span> <span class='ocrx_word' id='word_1_109' title='bbox 461 1813 492 1868; x_wconf 89' lang='lat' dir='ltr'>et</span> <span class='ocrx_word' id='word_1_110' title='bbox 501 1810 600 1888; x_wconf 78' lang='lat' dir='ltr'>pictae,</span> <span class='ocrx_word' id='word_1_111' title='bbox 612 1827 688 1888; x_wconf 84' lang='lat' dir='ltr'>quas</span> <span class='ocrx_word' id='word_1_112' title='bbox 700 1816 910 1874; x_wconf 88' lang='lat' dir='ltr'>commemorat</span> <span class='ocrx_word' id='word_1_113' title='bbox 923 1811 1068 1876; x_wconf 87' lang='lat' dir='ltr'>Pindarus</span> <span class='ocrx_word' id='word_1_114' title='bbox 1080 1812 1203 1876; x_wconf 90' lang='lat' dir='ltr'>inNem.</span> 
     </span>
     <span class='ocr_line' id='line_1_15' title="bbox 165 1921 1204 2013; baseline 0.008 -25"><span class='ocrx_word' id='word_1_115' title='bbox 165 1927 206 2002; x_wconf 80' lang='lat' dir='ltr'>X,</span> <span class='ocrx_word' id='word_1_116' title='bbox 228 1921 286 1989; x_wconf 89' lang='lat'>35:</span> <span class='ocrx_word' id='word_1_117' title='bbox 320 1930 401 2008; x_wconf 72' lang='lat' dir='ltr'>rator</span> <span class='ocrx_word' id='word_1_118' title='bbox 427 1926 463 1990; x_wconf 80' lang='grc' dir='ltr'>δὲ</span> <span class='ocrx_word' id='word_1_119' title='bbox 495 1930 657 2010; x_wconf 74' lang='grc' dir='ltr'>καυθείσᾳ</span> <span class='ocrx_word' id='word_1_120' title='bbox 687 1932 762 2010; x_wconf 80' lang='grc' dir='ltr'><em>πυρὶ</em></span> <span class='ocrx_word' id='word_1_121' title='bbox 793 1925 916 2013; x_wconf 81' lang='grc' dir='ltr'><strong><em>καρπὸς</em></strong></span> <span class='ocrx_word' id='word_1_122' title='bbox 947 1927 1061 2005; x_wconf 71' lang='grc' dir='ltr'><strong><em>ἐλαίας</em></strong></span> <span class='ocrx_word' id='word_1_123' title='bbox 1088 1928 1204 2012; x_wconf 77' lang='grc' dir='ltr'><em>ἔμολεν</em></span> 
     </span>
     <span class='ocr_line' id='line_1_16' title="bbox 159 2039 1203 2130; baseline 0.005 -23"><span class='ocrx_word' id='word_1_124' title='bbox 159 2042 266 2128; x_wconf 84' lang='grc' dir='ltr'><strong><em>Ἤρας</em></strong></span> <span class='ocrx_word' id='word_1_125' title='bbox 291 2041 347 2109; x_wconf 81' lang='grc' dir='ltr'>τὸν</span> <span class='ocrx_word' id='word_1_126' title='bbox 369 2039 511 2129; x_wconf 73' lang='grc' dir='ltr'><strong><em>εὐάνορα</em></strong></span> <span class='ocrx_word' id='word_1_127' title='bbox 532 2042 617 2112; x_wconf 75' lang='grc' dir='ltr'><strong><em>λαὸν</em></strong></span> <span class='ocrx_word' id='word_1_128' title='bbox 637 2044 673 2111; x_wconf 70' lang='grc' dir='ltr'>ἐν</span> <span class='ocrx_word' id='word_1_129' title='bbox 692 2043 818 2125; x_wconf 69' lang='grc' dir='ltr'><em>ἀγγέων</em></span> <span class='ocrx_word' id='word_1_130' title='bbox 829 2049 952 2128; x_wconf 74' lang='grc' dir='ltr'><strong><em>ἕρκεσιν</em></strong></span> <span class='ocrx_word' id='word_1_131' title='bbox 964 2047 1203 2130; x_wconf 76' lang='grc' dir='ltr'><strong><em>παμποικίλοις.</em></strong></span> 
     </span>
     <span class='ocr_line' id='line_1_17' title="bbox 165 2161 1202 2248; baseline 0.004 -26"><span class='ocrx_word' id='word_1_132' title='bbox 165 2161 227 2224; x_wconf 87' lang='lat' dir='ltr'>Nec</span> <span class='ocrx_word' id='word_1_133' title='bbox 239 2163 368 2224; x_wconf 87' lang='lat' dir='ltr'>dubitari</span> <span class='ocrx_word' id='word_1_134' title='bbox 381 2167 491 2241; x_wconf 89' lang='lat' dir='ltr'>potest,</span> <span class='ocrx_word' id='word_1_135' title='bbox 515 2166 585 2248; x_wconf 88' lang='lat' dir='ltr'>quin</span> <span class='ocrx_word' id='word_1_136' title='bbox 599 2166 672 2226; x_wconf 87' lang='lat' dir='ltr'>tates</span> <span class='ocrx_word' id='word_1_137' title='bbox 688 2166 749 2226; x_wconf 90' lang='lat' dir='ltr'>sint</span> <span class='ocrx_word' id='word_1_138' title='bbox 762 2163 922 2242; x_wconf 79' lang='lat' dir='ltr'>amphorae</span> <span class='ocrx_word' id='word_1_139' title='bbox 933 2165 1010 2243; x_wconf 86' lang='lat' dir='ltr'>ittae,</span> <span class='ocrx_word' id='word_1_140' title='bbox 1034 2184 1159 2244; x_wconf 88' lang='lat' dir='ltr'>quarum</span> <span class='ocrx_word' id='word_1_141' title='bbox 1171 2168 1202 2226; x_wconf 89' lang='lat' dir='ltr'>in</span> 
     </span>
     <span class='ocr_line' id='line_1_18' title="bbox 164 2281 1202 2362; baseline 0.003 -21"><span class='ocrx_word' id='word_1_142' title='bbox 164 2281 257 2341; x_wconf 86' lang='lat' dir='ltr'>attera</span> <span class='ocrx_word' id='word_1_143' title='bbox 280 2287 366 2359; x_wconf 89' lang='lat' dir='ltr'>parte</span> <span class='ocrx_word' id='word_1_144' title='bbox 386 2283 570 2362; x_wconf 77' lang='lat' dir='ltr'>conspicitur</span> <span class='ocrx_word' id='word_1_145' title='bbox 591 2283 724 2344; x_wconf 81' lang='lat' dir='ltr'>Minerva</span> <span class='ocrx_word' id='word_1_146' title='bbox 747 2301 813 2345; x_wconf 91' lang='lat' dir='ltr'>cum</span> <span class='ocrx_word' id='word_1_147' title='bbox 836 2283 923 2344; x_wconf 79' lang='lat' dir='ltr'>hasta</span> <span class='ocrx_word' id='word_1_148' title='bbox 943 2287 975 2343; x_wconf 92' lang='lat' dir='ltr'>et</span> <span class='ocrx_word' id='word_1_149' title='bbox 1006 2283 1118 2361; x_wconf 87' lang='lat' dir='ltr'>ctipeo‚</span> <span class='ocrx_word' id='word_1_150' title='bbox 1148 2285 1202 2344; x_wconf 91' lang='lat' dir='ltr'>ad-</span> 
     </span>
     <span class='ocr_line' id='line_1_19' title="bbox 164 2396 1201 2484; baseline 0.004 -26"><span class='ocrx_word' id='word_1_151' title='bbox 164 2399 285 2476; x_wconf 91' lang='lat' dir='ltr'>scriptis</span> <span class='ocrx_word' id='word_1_152' title='bbox 305 2396 414 2460; x_wconf 87' lang='lat' dir='ltr'>litteris</span> <span class='ocrx_word' id='word_1_153' title='bbox 436 2399 498 2464; x_wconf 78' lang='lat' dir='ltr'>cciv</span> <span class='ocrx_word' id='word_1_154' title='bbox 517 2396 708 2484; x_wconf 75' lang='grc' dir='ltr'>Ἀθήνηθεν</span> <span class='ocrx_word' id='word_1_155' title='bbox 730 2396 890 2479; x_wconf 75' lang='grc' dir='ltr'><em>ἆθλον*),·</em></span> <span class='ocrx_word' id='word_1_156' title='bbox 911 2419 1022 2478; x_wconf 90' lang='lat' dir='ltr'>easque</span> <span class='ocrx_word' id='word_1_157' title='bbox 1037 2405 1117 2462; x_wconf 85' lang='lat' dir='ltr'>reete</span> <span class='ocrx_word' id='word_1_158' title='bbox 1128 2406 1201 2479; x_wconf 91' lang='lat' dir='ltr'>puto</span> 
     </span>
     <span class='ocr_line' id='line_1_20' title="bbox 163 2516 1201 2598; baseline 0.005 -23"><span class='ocrx_word' id='word_1_159' title='bbox 163 2518 265 2576; x_wconf 82' lang='lat' dir='ltr'>vocari</span> <span class='ocrx_word' id='word_1_160' title='bbox 284 2516 527 2597; x_wconf 70' lang='lat' dir='ltr'>Panathenaicus,</span> <span class='ocrx_word' id='word_1_161' title='bbox 550 2535 729 2596; x_wconf 88' lang='lat' dir='ltr'>quamquam</span> <span class='ocrx_word' id='word_1_162' title='bbox 752 2520 810 2580; x_wconf 91' lang='lat' dir='ltr'>hoc</span> <span class='ocrx_word' id='word_1_163' title='bbox 827 2537 934 2580; x_wconf 91' lang='lat' dir='ltr'>nomen</span> <span class='ocrx_word' id='word_1_164' title='bbox 957 2519 1046 2581; x_wconf 89' lang='lat' dir='ltr'>iatius</span> <span class='ocrx_word' id='word_1_165' title='bbox 1067 2521 1201 2598; x_wconf 87' lang='lat' dir='ltr'>patuisse</span> 
     </span>
    </p>
   </div>
   <div class='ocr_carea' id='block_1_3' title="bbox 18 2615 1202 2716">
    <p class='ocr_par' dir='ltr' id='par_1_3' title="bbox 18 2615 1202 2716">
     <span class='ocr_line' id='line_1_21' title="bbox 18 2615 1202 2716; baseline 0.004 -23"><span class='ocrx_word' id='word_1_166' title='bbox 18 2615 19 2622; x_wconf 8' lang='grc' dir='ltr'>ἵ</span> <span class='ocrx_word' id='word_1_167' title='bbox 110 2653 112 2658; x_wconf 93' lang='grc'><strong><em>·</em></strong></span> <span class='ocrx_word' id='word_1_168' title='bbox 164 2636 300 2716; x_wconf 80' lang='lat' dir='ltr'>videtur3</span> <span class='ocrx_word' id='word_1_169' title='bbox 335 2653 401 2696; x_wconf 88' lang='lat' dir='ltr'>nam</span> <span class='ocrx_word' id='word_1_170' title='bbox 423 2637 453 2696; x_wconf 89' lang='lat' dir='ltr'>in</span> <span class='ocrx_word' id='word_1_171' title='bbox 476 2636 675 2713; x_wconf 84' lang='lat' dir='ltr'>descriptione</span> <span class='ocrx_word' id='word_1_172' title='bbox 695 2655 812 2715; x_wconf 73' lang='lat' dir='ltr'>pompm</span> <span class='ocrx_word' id='word_1_173' title='bbox 836 2638 986 2700; x_wconf 75' lang='lat' dir='ltr'>Bacchica</span> <span class='ocrx_word' id='word_1_174' title='bbox 1008 2639 1086 2716; x_wconf 84' lang='lat' dir='ltr'>apud</span> <span class='ocrx_word' id='word_1_175' title='bbox 1107 2637 1202 2699; x_wconf 84' lang='lat' dir='ltr'>Athe·</span> 
     </span>
    </p>
   </div>
   <div class='ocr_carea' id='block_1_4' title="bbox 125 2749 1200 3541">
    <p class='ocr_par' dir='ltr' id='par_1_4' title="bbox 125 2749 1200 3541">
     <span class='ocr_line' id='line_1_22' title="bbox 164 2749 1200 2836; baseline 0.006 -24"><span class='ocrx_word' id='word_1_176' title='bbox 164 2771 261 2814; x_wconf 82' lang='lat' dir='ltr'>naeum</span> <span class='ocrx_word' id='word_1_177' title='bbox 284 2751 335 2834; x_wconf 84' lang='lat' dir='ltr'>(V,</span> <span class='ocrx_word' id='word_1_178' title='bbox 356 2771 388 2830; x_wconf 89' lang='lat' dir='ltr'>p.</span> <span class='ocrx_word' id='word_1_179' title='bbox 411 2749 488 2835; x_wconf 79' lang='lat'>199,</span> <span class='ocrx_word' id='word_1_180' title='bbox 513 2754 562 2834; x_wconf 84' lang='lat' dir='ltr'>d),</span> <span class='ocrx_word' id='word_1_181' title='bbox 584 2755 664 2814; x_wconf 89' lang='lat' dir='ltr'>unde</span> <span class='ocrx_word' id='word_1_182' title='bbox 685 2773 791 2817; x_wconf 89' lang='lat' dir='ltr'>nomeu</span> <span class='ocrx_word' id='word_1_183' title='bbox 814 2761 966 2834; x_wconf 88' lang='lat' dir='ltr'>sumptum</span> <span class='ocrx_word' id='word_1_184' title='bbox 988 2761 1044 2835; x_wconf 89' lang='lat' dir='ltr'>est,</span> <span class='ocrx_word' id='word_1_185' title='bbox 1067 2761 1200 2836; x_wconf 89' lang='lat' dir='ltr'>apparet,</span> 
     </span>
     <span class='ocr_line' id='line_1_23' title="bbox 125 2871 1200 2953; baseline 0.005 -23"><span class='ocrx_word' id='word_1_186' title='bbox 125 2945 128 2952; x_wconf 33' lang='grc' dir='ltr'>Ι</span> <span class='ocrx_word' id='word_1_187' title='bbox 163 2887 221 2930; x_wconf 93' lang='lat' dir='ltr'>non</span> <span class='ocrx_word' id='word_1_188' title='bbox 244 2871 313 2950; x_wconf 88' lang='lat' dir='ltr'>otei,</span> <span class='ocrx_word' id='word_1_189' title='bbox 337 2871 390 2930; x_wconf 86' lang='lat' dir='ltr'>red</span> <span class='ocrx_word' id='word_1_190' title='bbox 411 2873 473 2932; x_wconf 83' lang='lat' dir='ltr'>vini</span> <span class='ocrx_word' id='word_1_191' title='bbox 496 2871 652 2950; x_wconf 87' lang='lat' dir='ltr'>amphoras</span> <span class='ocrx_word' id='word_1_192' title='bbox 675 2879 909 2935; x_wconf 87' lang='lat' dir='ltr'>commemorari.</span> <span class='ocrx_word' id='word_1_193' title='bbox 948 2873 1074 2953; x_wconf 88' lang='lat' dir='ltr'>Scripsit</span> <span class='ocrx_word' id='word_1_194' title='bbox 1095 2874 1131 2935; x_wconf 95' lang='lat' dir='ltr'>de</span> <span class='ocrx_word' id='word_1_195' title='bbox 1152 2876 1200 2935; x_wconf 90' lang='lat' dir='ltr'>his</span> 
     </span>
     <span class='ocr_line' id='line_1_24' title="bbox 162 2965 1199 3066; baseline 0.004 -18"><span class='ocrx_word' id='word_1_196' title='bbox 162 2990 241 3049; x_wconf 84' lang='lat' dir='ltr'>vasis</span> <span class='ocrx_word' id='word_1_197' title='bbox 274 2992 382 3066; x_wconf 76' lang='lat' dir='ltr'>practer</span> <span class='ocrx_word' id='word_1_198' title='bbox 415 2965 645 3050; x_wconf 74' lang='lat' dir='ltr'>tirdndstediuui</span> <span class='ocrx_word' id='word_1_199' title='bbox 672 2987 841 3052; x_wconf 88' lang='lat' dir='ltr'>Gcrhardue</span> <span class='ocrx_word' id='word_1_200' title='bbox 874 2993 903 3052; x_wconf 92' lang='lat' dir='ltr'>in</span> <span class='ocrx_word' id='word_1_201' title='bbox 931 2991 1037 3055; x_wconf 84' lang='lat' dir='ltr'>Aunai.</span> <span class='ocrx_word' id='word_1_202' title='bbox 1067 2991 1199 3054; x_wconf 85' lang='lat' dir='ltr'>Instituit</span> 
     </span>
     <span class='ocr_line' id='line_1_25' title="bbox 163 3101 1199 3187; baseline 0.004 -21"><span class='ocrx_word' id='word_1_203' title='bbox 163 3106 289 3166; x_wconf 86' lang='lat' dir='ltr'>Romani</span> <span class='ocrx_word' id='word_1_204' title='bbox 311 3107 369 3168; x_wconf 85' lang='lat' dir='ltr'>vot.</span> <span class='ocrx_word' id='word_1_205' title='bbox 391 3105 437 3186; x_wconf 90' lang='lat' dir='ltr'>Il,</span> <span class='ocrx_word' id='word_1_206' title='bbox 460 3125 490 3185; x_wconf 92' lang='lat' dir='ltr'>p.</span> <span class='ocrx_word' id='word_1_207' title='bbox 511 3101 678 3187; x_wconf 71' lang='lat'>209-24,</span> <span class='ocrx_word' id='word_1_208' title='bbox 712 3107 749 3170; x_wconf 85' lang='lat' dir='ltr'>ci.</span> <span class='ocrx_word' id='word_1_209' title='bbox 771 3109 854 3171; x_wconf 90' lang='lat' dir='ltr'>Mon.</span> <span class='ocrx_word' id='word_1_210' title='bbox 876 3109 956 3171; x_wconf 83' lang='lat' dir='ltr'>tueri.</span> <span class='ocrx_word' id='word_1_211' title='bbox 981 3109 1039 3172; x_wconf 90' lang='lat' dir='ltr'>tab.</span> <span class='ocrx_word' id='word_1_212' title='bbox 1062 3105 1199 3170; x_wconf 76' lang='lat'>21-22.</span> 
     </span>
     <span class='ocr_line' id='line_1_26' title="bbox 162 3220 1199 3306; baseline 0.005 -22"><span class='ocrx_word' id='word_1_213' title='bbox 162 3220 227 3284; x_wconf 85' lang='lat' dir='ltr'>Hoc</span> <span class='ocrx_word' id='word_1_214' title='bbox 238 3223 303 3284; x_wconf 91' lang='lat' dir='ltr'>ioco</span> <span class='ocrx_word' id='word_1_215' title='bbox 316 3223 388 3285; x_wconf 90' lang='lat' dir='ltr'>iilud</span> <span class='ocrx_word' id='word_1_216' title='bbox 402 3228 518 3284; x_wconf 85' lang='lat' dir='ltr'>tanturn</span> <span class='ocrx_word' id='word_1_217' title='bbox 529 3226 836 3306; x_wconf 79' lang='lat' dir='ltr'>commemorabimus,</span> <span class='ocrx_word' id='word_1_218' title='bbox 853 3245 942 3288; x_wconf 88' lang='lat' dir='ltr'>unam</span> <span class='ocrx_word' id='word_1_219' title='bbox 953 3228 1040 3288; x_wconf 91' lang='lat' dir='ltr'>modo</span> <span class='ocrx_word' id='word_1_220' title='bbox 1053 3229 1199 3289; x_wconf 88' lang='lat' dir='ltr'>eiusmodi</span> 
     </span>
     <span class='ocr_line' id='line_1_27' title="bbox 161 3341 1197 3428; baseline 0.004 -26"><span class='ocrx_word' id='word_1_221' title='bbox 161 3342 334 3420; x_wconf 88' lang='lat' dir='ltr'>amphoram</span> <span class='ocrx_word' id='word_1_222' title='bbox 362 3341 489 3402; x_wconf 87' lang='lat' dir='ltr'>Athenis</span> <span class='ocrx_word' id='word_1_223' title='bbox 518 3345 667 3404; x_wconf 78' lang='lat' dir='ltr'>inventam</span> <span class='ocrx_word' id='word_1_224' title='bbox 694 3361 760 3405; x_wconf 84' lang='lat' dir='ltr'>esse</span> <span class='ocrx_word' id='word_1_225' title='bbox 788 3350 829 3416; x_wconf 88' lang='lat' dir='ltr'>(v.</span> <span class='ocrx_word' id='word_1_226' title='bbox 852 3345 1005 3423; x_wconf 78' lang='lat' dir='ltr'>Miltingen</span> <span class='ocrx_word' id='word_1_227' title='bbox 1027 3346 1084 3407; x_wconf 90' lang='lat' dir='ltr'>Un.</span> <span class='ocrx_word' id='word_1_228' title='bbox 1106 3345 1197 3428; x_wconf 83' lang='lat' dir='ltr'>M.1,</span> 
     </span>
     <span class='ocr_line' id='line_1_28' title="bbox 161 3454 1198 3541; baseline 0.005 -21"><span class='ocrx_word' id='word_1_229' title='bbox 161 3459 222 3522; x_wconf 85' lang='lat' dir='ltr'>iah.</span> <span class='ocrx_word' id='word_1_230' title='bbox 244 3454 340 3520; x_wconf 85' lang='lat'>1-3.</span> <span class='ocrx_word' id='word_1_231' title='bbox 361 3459 470 3520; x_wconf 87' lang='lat' dir='ltr'>Miitler</span> <span class='ocrx_word' id='word_1_232' title='bbox 485 3459 611 3522; x_wconf 87' lang='lat' dir='ltr'>Denhm.</span> <span class='ocrx_word' id='word_1_233' title='bbox 633 3460 660 3540; x_wconf 90' lang='lat' dir='ltr'>t,</span> <span class='ocrx_word' id='word_1_234' title='bbox 682 3480 710 3522; x_wconf 95' lang='lat' dir='ltr'>n.</span> <span class='ocrx_word' id='word_1_235' title='bbox 724 3458 795 3538; x_wconf 81' lang='lat'>91),</span> <span class='ocrx_word' id='word_1_236' title='bbox 817 3477 906 3522; x_wconf 90' lang='lat' dir='ltr'>unam</span> <span class='ocrx_word' id='word_1_237' title='bbox 927 3463 1092 3541; x_wconf 64' lang='lat' dir='ltr'>Agrigenti,</span> <span class='ocrx_word' id='word_1_238' title='bbox 1116 3469 1198 3525; x_wconf 89' lang='lat' dir='ltr'>oete-</span> 
     </span>
    </p>
   </div>
   <div class='ocr_carea' id='block_1_5' title="bbox 160 3578 1197 3660">
    <p class='ocr_par' dir='ltr' id='par_1_5' title="bbox 160 3578 1197 3660">
     <span class='ocr_line' id='line_1_29' title="bbox 160 3578 1197 3660; baseline 0.006 -21"><span class='ocrx_word' id='word_1_239' title='bbox 160 3595 210 3639; x_wconf 87' lang='lat' dir='ltr'>ras</span> <span class='ocrx_word' id='word_1_240' title='bbox 242 3578 279 3638; x_wconf 91' lang='lat' dir='ltr'>ad</span> <span class='ocrx_word' id='word_1_241' title='bbox 312 3578 507 3657; x_wconf 85' lang='lat' dir='ltr'>quadraginta</span> <span class='ocrx_word' id='word_1_242' title='bbox 535 3596 659 3640; x_wconf 87' lang='lat' dir='ltr'>nurnero</span> <span class='ocrx_word' id='word_1_243' title='bbox 688 3578 790 3640; x_wconf 87' lang='lat' dir='ltr'>Volcis</span> <span class='ocrx_word' id='word_1_244' title='bbox 816 3584 848 3640; x_wconf 88' lang='lat' dir='ltr'>et</span> <span class='ocrx_word' id='word_1_245' title='bbox 876 3579 975 3660; x_wconf 85' lang='lat' dir='ltr'>Notae,</span> <span class='ocrx_word' id='word_1_246' title='bbox 1008 3581 1087 3642; x_wconf 88' lang='lat' dir='ltr'>uude</span> <span class='ocrx_word' id='word_1_247' title='bbox 1105 3582 1197 3645; x_wconf 19' lang='lat' dir='ltr'>*effici</span> 
     </span>
    </p>
   </div>
   <div class='ocr_carea' id='block_1_6' title="bbox 181 3893 1199 4134">
    <p class='ocr_par' dir='ltr' id='par_1_6' title="bbox 181 3893 1199 4134">
     <span class='ocr_line' id='line_1_30' title="bbox 181 3893 1198 3960; baseline 0.009 -15"><span class='ocrx_word' id='word_1_248' title='bbox 181 3893 209 3960; x_wconf 88' lang='lat'>*)</span> <span class='ocrx_word' id='word_1_249' title='bbox 226 3895 309 3956; x_wconf 79' lang='lat' dir='ltr'>Vulgo</span> <span class='ocrx_word' id='word_1_250' title='bbox 332 3895 419 3958; x_wconf 78' lang='lat' dir='ltr'>tegunt</span> <span class='ocrx_word' id='word_1_251' title='bbox 445 3895 547 3952; x_wconf 67' lang='grc' dir='ltr'><em>ἄθλων,</em></span> <span class='ocrx_word' id='word_1_252' title='bbox 592 3897 704 3950; x_wconf 87' lang='lat' dir='ltr'>Omnino</span> <span class='ocrx_word' id='word_1_253' title='bbox 728 3902 778 3949; x_wconf 74' lang='lat' dir='ltr'>um</span> <span class='ocrx_word' id='word_1_254' title='bbox 804 3900 893 3950; x_wconf 87' lang='lat' dir='ltr'>muttis</span> <span class='ocrx_word' id='word_1_255' title='bbox 915 3902 1000 3952; x_wconf 90' lang='lat' dir='ltr'>modis</span> <span class='ocrx_word' id='word_1_256' title='bbox 1024 3909 1119 3954; x_wconf 87' lang='lat' dir='ltr'>versata</span> <span class='ocrx_word' id='word_1_257' title='bbox 1137 3909 1198 3954; x_wconf 90' lang='lat' dir='ltr'>sunt</span> 
     </span>
     <span class='ocr_line' id='line_1_31' title="bbox 228 3981 1199 4054; baseline 0.009 -24"><span class='ocrx_word' id='word_1_258' title='bbox 228 3981 282 4030; x_wconf 76' lang='lat' dir='ltr'>hec</span> <span class='ocrx_word' id='word_1_259' title='bbox 300 3981 388 4046; x_wconf 85' lang='lat' dir='ltr'>verba,</span> <span class='ocrx_word' id='word_1_260' title='bbox 416 3987 444 4031; x_wconf 86' lang='lat' dir='ltr'>ui</span> <span class='ocrx_word' id='word_1_261' title='bbox 462 3995 522 4032; x_wconf 90' lang='lat' dir='ltr'>sane</span> <span class='ocrx_word' id='word_1_262' title='bbox 540 3984 676 4050; x_wconf 87' lang='lat' dir='ltr'>miremur,</span> <span class='ocrx_word' id='word_1_263' title='bbox 704 3983 832 4036; x_wconf 83' lang='lat' dir='ltr'>neminem</span> <span class='ocrx_word' id='word_1_264' title='bbox 851 3985 877 4034; x_wconf 91' lang='lat' dir='ltr'>in</span> <span class='ocrx_word' id='word_1_265' title='bbox 897 3987 944 4036; x_wconf 91' lang='lat' dir='ltr'>hoc</span> <span class='ocrx_word' id='word_1_266' title='bbox 962 3987 1100 4054; x_wconf 87' lang='lat' dir='ltr'>incidisse,</span> <span class='ocrx_word' id='word_1_267' title='bbox 1128 3991 1199 4050; x_wconf 82' lang='lat' dir='ltr'>quod</span> 
     </span>
     <span class='ocr_line' id='line_1_32' title="bbox 227 4063 1040 4134; baseline 0.006 -21"><span class='ocrx_word' id='word_1_268' title='bbox 227 4063 344 4114; x_wconf 81' lang='lat' dir='ltr'>omnium</span> <span class='ocrx_word' id='word_1_269' title='bbox 363 4064 512 4117; x_wconf 83' lang='lat' dir='ltr'>tacitiir&#39;nnm</span> <span class='ocrx_word' id='word_1_270' title='bbox 532 4068 638 4122; x_wconf 84' lang='lat' dir='ltr'>videtur.</span> <span class='ocrx_word' id='word_1_271' title='bbox 678 4069 743 4122; x_wconf 83' lang='lat' dir='ltr'>Mihi</span> <span class='ocrx_word' id='word_1_272' title='bbox 761 4071 872 4121; x_wconf 89' lang='lat' dir='ltr'>ostendit</span> <span class='ocrx_word' id='word_1_273' title='bbox 889 4070 1040 4134; x_wconf 76' lang='lat' dir='ltr'>Madvigius.</span> 
     </span>
    </p>
   </div>
   <div class='ocr_carea' id='block_1_7' title="bbox 0 0 1442 4580">
    <p class='ocr_par' dir='ltr' id='par_1_7' title="bbox 0 0 1442 4580">
     <span class='ocr_line' id='line_1_33' title="bbox 0 0 1442 4580; baseline 0 3"><span class='ocrx_word' id='word_1_274' title='bbox 0 0 1442 4580; x_wconf 95' lang='lat' dir='ltr'> </span> 
     </span>
    </p>
   </div>
  </div>
 </body>
</html>
