2888 4576
653 241 715 308 165

569 331 789 342 α-ι-ι-ιι-

158 447 293 510 videmus
314 464 363 526 ap.
384 446 476 510 schot.
501 446 568 510 Pac.
582 441 676 524 1242,
700 453 730 510 et
752 450 809 510 troc
831 450 952 527 quidem
974 451 1051 514 inter
1062 451 1197 516 homines

157 567 242 628 ratde
264 564 397 646 sobri0s3
420 583 488 626 nam
509 584 587 645 aqua
608 569 744 630 utuntur.
787 566 832 628 Ex
854 566 946 628 altera
968 573 1051 647 parte
1069 573 1199 633 trutinae

158 684 345 762 suspendunt
367 683 530 764 ellychnia;
554 685 617 746 traec
641 687 802 764 inaquam
831 689 964 748 demersa
992 687 1118 749 humore
1141 691 1198 750 im-

158 802 258 882 plent3
282 806 343 863 tum
366 802 489 862 atteram
513 805 631 864 trutina
653 809 767 882 partem
791 804 927 864 celeriter
949 805 1134 886 deprimunt,
1164 813 1199 868 ut

160 940 178 981 c
200 920 318 993 madido
339 921 489 1000 ellychnio
511 926 689 1006 spargantur
711 925 802 999 gutta
824 937 926 1000 aquae:
949 923 1200 986 haecautcmerat

161 1041 224 1100 sire
246 1013 400 1114 doctrinae,
423 1040 486 1099 sive
509 1038 636 1100 fortunae
659 1039 733 1116 taus,
757 1039 783 1098 si
798 1043 890 1116 guttae
912 1058 971 1100 non
995 1042 1023 1100 in
1046 1043 1198 1120 pavimen·

162 1163 238 1235 tum,
260 1157 312 1218 sed
335 1158 365 1216 in
388 1155 503 1236 cymbia
530 1158 665 1236 quaedam
687 1156 762 1218 intra
785 1159 882 1236 posita
905 1159 1090 1236 cepidisscnt.

247 1273 305 1335 Sed
317 1275 385 1353 quis
398 1291 455 1334 non
468 1275 564 1354 videt,
586 1276 674 1336 talem
697 1274 798 1336 ludum
822 1274 1085 1338 innumerabilibus
1104 1277 1199 1338 modis

164 1409 253 1472 posse
274 1393 399 1472 variari,
433 1409 509 1477 qpos
535 1395 560 1452 si
595 1393 642 1454 cui
672 1394 792 1454 libuerit
825 1411 1019 1472 cognoscere,
1051 1395 1221 1470 auctores,

164 1528 240 1588 quos
271 1509 473 1592 laudavimus,
506 1511 648 1588 perlegat.
704 1509 766 1570 Nos
799 1510 925 1573 tortasse
960 1513 1017 1572 iam
1050 1511 1200 1590 longiores

164 1645 279 1706 sumus,
301 1627 359 1688 nisi
381 1629 499 1688 nomina
523 1629 655 1706 quedam
677 1646 714 1688 eo
744 1630 921 1706 pertinentia
943 1629 1199 1690 commemoranda

164 1751 260 1807 erant.
324 1749 517 1827 Κοτταβείον
539 1747 693 1808 dicebatur
714 1764 838 1827 aenum,
866 1747 896 1806 in
926 1747 1005 1823 quod
1033 1747 1135 1807 vinum
1157 1748 1200 1807 ia-

164 1863 351 1944 culabantur,
383 1881 411 1925 v.
433 1863 503 1925 nto.
524 1859 600 1945 667,
623 1864 649 1944 ί;
683 1866 772 1925 eiiam
804 1863 973 1946 κότταβος,
994 1859 1067 1938 666,
1090 1863 1119 1925 d.
1162 1861 1202 1924 Et

55 2053 60 2066 Ι
165 2001 257 2061 quum
279 1981 444 2059 antiquitus
465 1999 501 2071 ex
523 1981 561 2042 iis
583 1983 708 2060 peculia,
730 2000 796 2058 quae
819 1983 952 2059 aderant,
978 1983 1079 2041 vinum
1101 1983 1202 2059 proic-

162 2085 292 2180 cisseut,
324 2117 393 2159 mox
425 2104 512 2160 aucto
545 2099 645 2159 studio
677 2101 818 2160 maiorem
851 2101 1022 2178 apparatum
1056 2096 1200 2158 lecerunt.

166 2217 291 2295 Propria
313 2217 461 2278 conclavia
484 2217 609 2277 rotunda
632 2216 701 2278 huic
723 2217 792 2276 ludo
815 2217 920 2275 idonea
933 2219 1101 2275 constructa
1119 2220 1200 2292 aunt,

166 2340 198 2397 et
218 2334 325 2397 calices
347 2333 473 2396 conlecti
496 2335 531 2394 ad
554 2334 611 2396 boc
633 2353 727 2412 genus
756 2333 984 2410 accommodati,
1017 2329 1203 2437 κοτταβίδες

167 2455 297 2534 nomine,
319 2472 347 2514 v.
369 2448 562 2529 Hegesander
583 2469 629 2530 ap.
651 2451 721 2512 Atb.
744 2450 798 2530 ΧΙ,
820 2446 895 2529 479,
917 2470 943 2512 c.
964 2468 1032 2528 sqq.
1068 2447 1200 2510 Panolka

9 2537 10 2542 ἵ
77 2621 82 2624 .
166 2588 219 2632 vas
241 2561 514 2650 pictum(th,37;
537 2563 1200 2644 becker.Charicl.tab.3,Qcotmbiludum

165 2689 325 2752 ostendere
349 2691 448 2768 pntat3
482 2686 619 2765 equidem
653 2686 727 2748 nibil
760 2687 885 2747 videoa
919 2685 1034 2764 vulgari
1066 2685 1201 2746 convivio

165 2807 305 2868 alienum.

252 2925 291 2988 Ut
317 2924 433 2986 hastam
461 2926 490 2985 in
521 2941 636 3005 pugna,
666 2925 707 2985 ita
731 2924 759 2982 in
783 2921 901 2984 cottabo
929 2923 1029 2984 vinum
1056 2918 1201 3000 (tricare

166 3041 339 3124 κότταβον)
362 3060 477 3103 summa
499 3044 527 3102 vi
550 3041 742 3119 emittebant,
762 3043 955 3116 ,etconstans
978 3041 1024 3100 est
1045 3038 1204 3116 utriusque

165 3163 337 3224 certaminis
360 3159 540 3238 comparatio
568 3160 645 3238 apud
669 3160 838 3236 scriptores.
886 3123 985 3218 Etiam
1014 3158 1116 3216 vinnm
1145 3149 1203 3218 ἀπ’

120 3297 123 3304 ·
166 3275 305 3362 α’γκύλης
335 3278 511 3357 proiiciunt,
548 3296 574 3338 v.
607 3275 677 3338 Atb.
699 3275 774 3354 XV,
804 3268 881 3352 667,
904 3291 935 3354 c;
969 3273 1025 3352 Xl,
1056 3265 1131 3353 782,
1164 3272 1199 3351 d3

165 3391 357 3480 άγκολητούς
379 3394 548 3477 κοττάβους
570 3395 684 3454 dixerat
704 3384 1022 3471 AEscbytustiss2,e);
1044 3392 1199 3452 Anacreon

164 3534 212 3594 up.
234 3514 305 3575 Alb.
327 3513 369 3591 X,
389 3508 463 3594 4⁶27,
487 3514 522 3574 d:
544 3507 715 3576 Σικελικὸν
741 3509 898 3592 κότταβον
926 3505 1046 3598 οἷγκύίῃ
1074 3504 1202 3581 dalion,

165 3635 196 3696 b.
221 3652 247 3694 e.
269 3631 425 3693 iaculando
448 3629 591 3694 infestans
613 3629 781 3704 cotiabum,
816 3630 849 3688 ut
871 3628 993 3706 opinor,
1012 3642 1077 3686 -vas
1100 3626 1200 3684 vinum

165 3753 325 3830 recipiens,
347 3745 382 3814 τὸ
403 3750 598 3830 sanaem»-
627 3747 731 3820 (nimis
753 3745 909 3806 temeraria
937 3745 1107 3804 coniectura
1130 3742 1202 3802 Din-

165 3868 278 3930 dortius
293 3863 475 3946 -άγκυλίζον
498 3865 645 3944 scripsit).
687 3861 807 3924 Talibus
835 3862 909 3922 iocis
930 3861 1007 3922 male
1033 3861 1201 3938 intellectis,

163 3993 198 4048 ut
222 3985 334 4048 Cratini
356 3979 430 4066 782,
462 3986 496 4048 d:
534 3979 672 4066 άκράτοο
694 3979 750 4047 δύο
770 3980 851 4064 χοάς
871 3972 1002 4054 πίνοοά,
1024 3974 1083 4042 ἄπ’
1103 3972 1202 4056 dysi-

165 4104 221 4186 λης
243 4101 487 4186 ἐπονομάζοντα
510 4107 572 4186 tqm
595 4100 740 4179 λάταγας
761 4099 804 4186 τῷ
824 4099 1004 4184 Κορινθίῳ,
1039 4095 1088 4155 ubi
1114 4092 1202 4154 verba
