2876 4580
648 238 868 336 Ab„

232 446 331 508 dictos
354 461 421 506 esso
445 438 690 528 αύτοληκύθους,
713 441 833 502 tradunt
855 445 1037 519 grammatici
1072 449 1193 522 propter
1216 443 1275 504 De·

238 564 404 626 mosthenis
420 564 518 625 iocum
540 564 571 624 iu
594 559 707 624 Conon.
730 555 788 622 14:
817 559 897 625 ελσὶν
918 557 956 624 ἐν
976 559 1014 652 ιή
1035 561 1130 626 πόλει
1159 560 1276 626 πολλοὶ

237 676 516 760 καλύνκοῖγοιθῶν
538 672 665 762 ἀνδρῶν
684 676 771 754 visis,
793 683 828 743 oi
845 678 1013 755 παίζοντες
1029 677 1090 744 oia·
1101 679 1275 762 ἄνθρωποι

238 803 306 866 νέοι
317 802 427 883 σφίσιν
443 794 548 874 αύτοτς
562 795 742 880 ἐπωνυμίας
752 799 954 879 πεποίηνται,
976 799 1032 859 καὶ
1051 794 1184 862 καλοῦσι
1205 799 1276 871 τούς

237 923 299 1004 μὲν
326 917 528 1002 ἰθυφάλλους
555 911 626 991 τούς
653 913 690 978 di
714 909 969 997 αύτοληκύθους,
1003 919 1037 976 ut
1058 915 1131 975 mibi
1154 915 1275 992 quidem

238 1036 366 1115 ridetur,
390 1035 466 1096 maie
487 1034 687 1116 inteliecium3
710 1051 747 1094 au
765 1032 873 1097 καλῶυ
883 1028 1046 1114 κάγαθῶν
1062 1026 1191 1115 erdem
1199 1029 1276 1109 υἱεῖς

239 1172 341 1218 servos
370 1172 427 1215 nou
456 1147 627 1216 habebant?
660 1154 720 1240 imo
747 1151 921 1212 dicebantur
945 1153 1017 1228 ipsae
1038 1152 1175 1230 ampuiiae
1197 1169 1276 1226 esee,

240 1275 310 1353 quia
333 1273 423 1334 nimio
446 1275 596 1349 unguento
618 1275 649 1330 et
670 1270 737 1330 oieo
760 1271 886 1348 turpiter
906 1269 1073 1332 effluerent.

324 1390 397 1450 Erat
416 1388 556 1473 λήκυθος
565 1390 632 1468 τίτί,
656 1393 690 1450 ut
700 1389 869 1466 strophium
881 1387 1027 1462 mulieris,
1049 1364 1079 1447 r.
1090 1386 1143 1449 Ar.
1153 1386 1276 1448 Thesm.

243 1504 321 1585 1393
353 1510 516 1587 puerisque
542 1507 621 1567 dono
653 1507 808 1580 dabantur,
841 1511 876 1567 ut
898 1508 927 1566 iu
950 1506 1045 1566 virilis
1067 1506 1163 1565 etatis
1192 1522 1277 1581 spem

241 1626 414 1705 gauderent,
437 1643 465 1688 a.
487 1624 612 1687 Aristot.
634 1624 703 1685 Etb.
725 1623 791 1687 Nic.
811 1619 917 1702 1v‚5:
939 1627 1075 1706 Σφατρα
1095 1621 1116 1706 ή
1137 1621 1279 1704 λήκυθος

241 1738 262 1828 ή
282 1743 432 1824 καλλίστη
453 1740 517 1823 ἔχει
537 1741 821 1825 μεγαλοπρέπειαν
830 1739 982 1805 παιδικοῦ
1000 1738 1110 1823 δώρου.
1152 1740 1193 1800 Ei
1214 1745 1280 1801 erat
1364 1791 1370 1798 .

242 1861 320 1940 hec,
355 1862 411 1920 uisi
434 1859 532 1938 failor,
566 1877 673 1935 causa,
705 1862 809 1921 curin
840 1860 1041 1922 monumentis
1069 1841 1279 1920 defunctorum

242 1977 372 2055 ampulla
388 1978 592 2055 imponeretur
606 1981 655 2037 aut
669 1995 705 2038 ex
715 1996 864 2040 marmore
875 1977 989 2055 sculpta
1002 1977 1070 2050 (Ar.
1083 1976 1164 2038 Ecci.
1178 1972 1278 2049 llll)

142 2104 150 2120 ·
243 2100 296 2156 aut
315 2093 464 2156 coloribus
486 2096 581 2174 picta3
604 2097 645 2156 ita
667 2097 746 2156 enim
758 2095 967 2174 Aristophanis
990 2095 1058 2158 iiia:
1082 2095 1117 2170 ύς
1138 2105 1202 2169 τοῖς
1223 2115 1279 2159 νε-

242 2223 345 2296 κροῖσι
368 2211 527 2295 ζωγράφοι
549 2208 605 2287 τοὶς
626 2208 785 2296 ληκύθους
806 2213 903 2292 (Ecci.
924 2209 1005 2290 906)
1027 2217 1109 2274 recte
1131 2214 1280 2290 interpre-

245 2337 324 2393 tatus
356 2336 403 2392 eet
434 2329 557 2392 Suidas:
597 2329 728 2394 τοιαῦτα
755 2330 824 2412 γάρ,
852 2352 924 2397 τινα
956 2327 993 2397 ἐν
1023 2340 1088 2406 τοῖς
1117 2327 1281 2413 μνήμασιν

243 2447 387 2531 ἔγραψας
420 2449 562 2526 namqui
590 2449 688 2509 omnia
716 2449 753 2509 ad
779 2453 870 2509 testas
891 2466 961 2510 suas
985 2448 1182 2524 transierunt,
1214 2447 1280 2510 haeo

244 2541 365 2645 quoque
392 2582 430 2625 eo
457 2566 608 2642 pertinere
637 2566 749 2628 volunt.
805 2564 866 2644 Qui
893 2583 963 2627 vero
991 2567 1067 2630 alter
1094 2567 1125 2626 iu
1154 2565 1281 2626 mortuis

245 2686 493 2744 commemoratur
513 2700 588 2760 mos,
614 2687 658 2764 ut,
685 2702 776 2761 quum
798 2663 867 2744 ante
885 2685 1030 2762 ‘exequias
1052 2685 1177 2763 expositi
1201 2685 1280 2744 iace-

246 2805 312 2860 rent
333 2801 406 2861 culti
428 2803 458 2859 et
481 2802 626 2881 coronati,
658 2801 795 2881 ampuiiae
816 2805 1035 2881 apponerentur
1055 2806 1101 2875 (v.
1124 2801 1175 2863 Ar.
1195 2801 1279 2865 Ecci.

244 2911 327 2982 538:
350 2915 451 2999 privor
472 2912 512 2982 ού
529 2912 749 3003 στεφανώσαιτ’
768 2915 838 2985 οὐδ’
859 2917 1016 2983 ἐπιθεῖσα
1032 2918 1185 3001 λήκυθον,
1208 2919 1280 2982 ibid.

246 3029 346 3098 1032:
368 3038 424 3098 καὶ
436 3040 602 3101 ταινίωσαι
619 3040 675 3102 καὶ
694 3038 853 3120 παράθου
874 3033 932 3114 τὰς
950 3035 1136 3119 ληκύθους),
1159 3055 1231 3098 eum
1250 3038 1280 3098 id

246 3155 345 3232 potius
367 3158 517 3232 spectasse
538 3154 675 3236 arbitror,
703 3161 736 3218 ut
757 3158 898 3218 continuo
919 3155 985 3217 cieo
1007 3159 1130 3216 unctum
1153 3173 1190 3216 ue
1213 3154 1281 3216 tabe

246 3273 488 3348 corrumperetur
509 3290 627 3352 corpus,

331 3385 390 3450 Sed
412 3384 542 3474 ληκύθῳ
557 3390 717 3452 utebantur
734 3393 823 3455 ctiam
844 3393 880 3454 ad
900 3393 1046 3473 piamento
1066 3389 1211 3452 servanda
1233 3394 1284 3462 (ut

248 3507 277 3568 in
306 3505 358 3568 Ar.
385 3505 466 3568 Ecci.
492 3501 570 3566 1101
600 3525 675 3568 enus
702 3527 790 3588 rugas
817 3511 903 3572 iaciei
930 3511 1125 3572 medicamine
1153 3507 1284 3568 obducto

248 3624 347 3685 celans
368 3625 477 3688 dicitur
497 3625 614 3708 ἔχουσα
633 3625 779 3710 λήκυθον
797 3624 879 3712 πρὸς
899 3638 968 3704 ταῖς
988 3627 1160 3708 γνάθοις),
1193 3630 1224 3686 et
1245 3626 1302 3687 ad·

247 3751 390 3820 αοηιιιατο
417 3745 538 3804 maioris
568 3745 665 3822 pretii.
720 3745 776 3807 Ubi
810 3748 839 3808 in
869 3746 962 3808 Arist.
985 3745 1065 3807 Piut.
1093 3738 1158 3806 810
1185 3745 1284 3804 omnis

248 3862 407 3938 paupertas
440 3862 469 3920 iu
499 3860 617 3922 divitias
651 3868 801 3942 mutatur,
835 3866 923 3924 etiam
956 3860 988 3928 oi
1020 3861 1157 3947 λήκυθοι
1187 3859 1287 3946 μύρου

248 3979 385 4058 νέμουσι.
429 3975 462 4036 ln
486 3980 743 4056 sumptuosissimo
766 3979 872 4043 Carani
894 3983 1028 4044 convivio
1050 3998 1096 4059 ap.
1109 3980 1218 4042 Athen.
1232 3979 1285 4062 lv,

249 4087 326 4166 129,
348 4093 376 4154 b.
409 4093 534 4172 singuiis
556 4098 687 4156 convivis
709 4098 856 4160 donantur
877 4101 953 4161 bine·
975 4097 1112 4178 anrpuiiae
1134 4097 1286 4158 heminam
