2876 4580
661 243 705 310 67

167 450 330 528 capientes,
353 447 446 509 alteru
463 465 565 525 aurea,
587 453 726 540 argentea
742 449 845 528 altera,
868 450 985 512 viuculo
1006 469 1099 513 aureo
1119 453 1202 516 colli·

166 571 260 646 θείω,
281 567 370 644 quale
392 584 445 644 par
462 583 530 626 mox
544 563 849 648 dalp‘aodovdicltur.
892 565 1052 651 Μορηρᾶν
1060 568 1204 654 λήκυθον
1289 555 1300 606 ’-

165 690 378 746 commemorat
402 683 505 744 Pollux
527 682 569 763 X,
594 679 656 744 119
665 702 729 763 sq.;
751 685 803 766 Vl,
819 682 894 762 1063
917 686 983 762 Vll,
996 682 1067 750 177.
1109 687 1203 748 Erant

166 802 214 864 has
235 803 323 880 vulgo
345 821 381 863 ex
403 803 568 882 alabastro,
599 806 633 863 ul
653 801 754 866 Suid.:
787 803 931 889 λήκυθον
951 800 1008 890 τὴν
1029 806 1085 870 κού
1103 803 1203 886 μύρον

166 917 199 1000 oi
214 916 351 985 Ἀπικοὶ
375 921 528 986 καλοῦσιν
554 915 776 1003 α’λύβαστρονς
808 923 846 984 de
878 940 938 1000 quo
970 940 1097 1004 genere,
1131 924 1201 1001 quia

165 1055 251 1100 suam
272 1041 364 1100 etiam
385 1038 511 1118 figuram
532 1037 640 1112 hahet,
663 1041 822 1118 separatim
844 1040 1017 1102 videbimus.

250 1157 291 1220 Ul
313 1158 403 1234 igitur
424 1173 513 1235 supra
535 1157 680 1235 vidimus,
709 1155 854 1241 λήκυθον
882 1157 939 1219 virt
971 1161 1121 1238 propriam
1153 1158 1202 1222 lu·

164 1277 237 1354 isse,
259 1280 293 1336 ut
310 1293 368 1354 qua
385 1293 493 1354 corpus
516 1280 689 1354 ungeretur,
713 1275 755 1336 ita
771 1251 820 1337 hic
841 1277 976 1338 videmus
998 1275 1087 1338 otiam
1110 1279 1201 1340 nimio

164 1396 294 1454 servisse
328 1393 463 1471 corporis
498 1392 607 1474 cultui,
647 1393 699 1471 qui
732 1391 850 1454 leminis
882 1397 976 1472 magis
1008 1412 1097 1472 quam
1128 1396 1200 1457 viris

165 1513 346 1574 conveniret.
391 1508 494 1588 Quare
517 1510 747 1591 Aristophanes,
781 1485 872 1589 ¹quum
899 1513 928 1571 in
950 1511 1025 1572 Aah.
1046 1507 1111 1571 589
1131 1511 1201 1572 licto
1262 1483 1265 1488 Δ

165 1631 229 1691 aris
264 1631 383 1690 nomine
413 1627 596 1690 Lamachum
626 1629 754 1707 appellat
781 1628 1051 1711 κομπολοίκοθον,
1083 1629 1202 1691 videtur

166 1749 301 1808 iuvenem
330 1745 499 1824 significare
522 1764 580 1806 non
604 1753 664 1807 lam
684 1746 764 1808 hello
786 1745 914 1808 ferocem
935 1765 1025 1825 quarn
1048 1748 1128 1808 inani
1149 1765 1200 1808 ar·

164 1853 280 1927 morum
301 1865 458 1944 splendore
479 1865 664 1942 gloriantem.
707 1864 790 1926 ldem
812 1871 911 1927 autem
934 1866 983 1926 uhi
999 1865 1037 1926 de
1054 1866 1149 1944 poetis
1170 1869 1201 1928 et

163 1984 331 2046 oratoribus
353 1984 479 2061 dicitur,
511 1982 658 2060 significat
684 1983 873 2044 ambitiosum
895 1988 1034 2044 ornatum
1055 1982 1207 2044 orationis

164 2107 196 2162 et
225 2103 343 2162 inanem
372 2099 530 2160 verborum
552 2099 675 2162 cultum.
728 2099 849 2160 Dixerat
870 2101 928 2159 iam
950 2099 1112 2178 Sophocles
1135 2109 1198 2178 (ap.

164 2218 302 2291 Suidam)
324 2228 541 2300 περιενεγκεῖν
552 2212 727 2300 εύστροφῶς
738 2219 792 2280 καὶ
807 2214 1026 2298 κεκλασμένας
1037 2212 1198 2298 metnen-

164 2333 288 2419 θεσμὸν
309 2337 370 2402 τῶν
391 2336 529 2419 αἰσχρῶν
544 2359 577 2399 τε
589 2332 787 2415 καὶγελούων
796 2329 955 2416 ᾀσμάτων.
1000 2331 1199 2395 Callimachus

165 2455 347 2533 tragoediam
370 2456 484 2515 dixerat
506 2452 663 2536 ληκύθιον
682 2453 807 2536 μοῦσαν
828 2451 988 2536 (uscholl.
1010 2450 1047 2510 ad
1071 2450 1198 2530 Hephae·

164 2575 302 2651 silonem,
324 2593 355 2652 p.
367 2566 411 2632 34
432 2573 478 2633 ed.
492 2569 595 2643 Gaisl,
619 2576 649 2632 et
670 2571 706 2632 ad
729 2568 813 2630 Pind.
828 2569 877 2631 Ol.
889 2568 913 2649 l,
935 2589 965 2647 p.
982 2564 1022 2629 15
1036 2568 1198 2648 Boeclh.);

164 2690 200 2753 cl.
223 2686 499 2771 ἆπιλακοθισορύα
522 2691 551 2748 in
573 2690 662 2750 Anth.
676 2687 768 2750 Palat.
791 2686 876 2766 Xlll,
898 2681 951 2765 21,
972 2682 1004 2749 5.
1053 2685 1200 2761 Queritur

164 2808 270 2870 Strabo
294 2807 392 2884 (xiil,
416 2823 444 2885 p.
466 2801 563 2882 609),
597 2808 741 2886 quosdam
768 2803 869 2888 μηδὲν
896 2801 981 2885 ἔχειν
1008 2803 1200 2888 φιλοσοφεῖν

1 2953 2 2974 ¹
105 2905 110 2911 ’
163 2925 407 3009 πραγματικῶς,
440 2919 528 2987 ἄλλα
549 2926 659 2998 θέσεις
679 2921 872 3006 ληκοθύζειν.
914 2923 1012 2983 Etiam
1035 2922 1139 3013 Cicero
1161 2923 1197 2984 ad

164 3045 296 3106 Atticum
310 3043 364 3122 Ep.
383 3041 407 3122 l,
425 3037 475 3120 14,
491 3037 530 3103 3:
553 3045 672 3120 „toturn
694 3041 774 3103 hunc
796 3041 905 3123 locunt,
929 3058 1017 3120 quem
1039 3058 1094 3118 ego
1118 3041 1198 3100 varie

165 3163 239 3222 meis
251 3159 435 3222 orationihus
453 3160 536 3220 soleo
554 3160 686 3238 pingere,
709 3160 745 3219 de
756 3159 885 3238 llamma,
908 3158 944 3220 de
959 3157 1039 3218 ferro
1058 3191 1098 3204 —
1121 3158 1198 3218 nosti

163 3278 229 3339 illas
251 3275 410 3362 ληκύθους
436 3277 584 3342 -valde
607 3279 736 3354 graviter
762 3277 936 3354 pertexuit.”
979 3275 1063 3337 Unde
1084 3275 1199 3336 Plinius

164 3398 195 3457 iu
217 3391 355 3474 Ep.1‚2
377 3413 468 3473 quum
490 3413 523 3455 se
544 3395 668 3455 dixisset
691 3395 837 3454 imitatum
860 3410 927 3455 esse
948 3395 1059 3453 siccum
1082 3393 1199 3454 dicendi

163 3531 257 3592 genus
274 3513 488 3585 Demosthenis
507 3516 537 3573 et
556 3509 648 3590 Calvi,
671 3529 752 3590 „non
775 3513 900 3588 tamen”,
924 3510 1031 3587 pergit,
1054 3510 1199 3588 „omnino

163 3632 257 3694 Marci
291 3633 384 3692 nostri
406 3629 565 3714 ληκύθους
586 3631 726 3708 fugimus,
757 3627 896 3706 quotiens
917 3625 1069 3705 paululum
1092 3627 1199 3688 itinere

162 3750 307 3811 decedere
340 3767 397 3813 uon
432 3750 647 3828 intempestivis
680 3744 907 3808 amoenitatibus
940 3744 1199 3806 admonebamur.’'

164 3868 276 3928 Verum
292 3869 371 3946 qnod
390 3868 481 3928 ceteri
493 3865 596 3929 Graecn
616 3866 734 3926 nornine
756 3865 904 3944 dixerunt,
927 3861 1033 3923 Latine
1051 3864 1200 3940 expressit

163 3985 317 4065 Horatius,
351 3987 511 4064 tragoedis
539 4003 772 4047 commemorans
802 3982 970 4063 „ampullas
992 3984 1022 4041 et
1044 3983 1200 4060 sesquipe-

162 4103 239 4164 dalia
261 4105 367 4194 verha”
389 4103 441 4176 (A.
464 4101 498 4163 P.
521 4099 591 4184 97),
617 4103 780 4164 etlilium
803 4102 1010 4163 desaevieutem
1033 4102 1063 4159 et
1084 4097 1200 4176 ampnl-
1263 4083 1264 4087 ¹

966 4215 997 4262 5*
