2888 4576
522 715 643 833 Caput
673 717 838 814 tertium.

173 969 227 1040 De
249 972 341 1042 uaria
369 971 491 1070 quibua
511 972 764 1043 dr'otra'tmuutur
784 973 934 1072 liquores
955 998 1001 1048 ox
1022 973 1207 1044 maioribus

534 1115 570 1160 ua
592 1112 726 1160 mauora
747 1114 841 1160 noea.

254 1371 368 1433 Homm
390 1371 500 1452 duplex
521 1391 615 1452 genua
636 1381 692 1438 ast.
744 1375 811 1438 Alia
832 1375 975 1437 maiorum
998 1373 1124 1454 liquoris
1145 1375 1204 1435 vim

169 1490 302 1568 capiunt,
325 1509 378 1552 nec
401 1508 460 1552 uno
483 1495 587 1553 tenore
603 1493 825 1572 effundendam
853 1496 965 1571 contra,
999 1511 1091 1572 quum
1112 1492 1204 1552 semel

169 1608 291 1686 impleta
312 1614 397 1685 aunt,
431 1611 540 1689 areptus
565 1628 602 1671 ax
623 1612 661 1670 iia
683 1610 831 1672 tunditur:
865 1611 921 1672 alia
943 1613 1044 1671 atatim
1067 1615 1129 1672 tota
1150 1629 1203 1670 ax«

168 1725 366 1804 hauriuntur,
399 1745 453 1788 nac
482 1729 644 1807 quidquam
666 1730 696 1789 in
718 1747 751 1789 se
773 1731 920 1809 retinent3
953 1728 1012 1790 imo
1036 1747 1073 1790 na
1094 1727 1205 1788 sufficit

169 1843 290 1920 qnidam
319 1861 397 1904 unna
423 1843 563 1925 haustus,
597 1848 650 1907 aad
682 1848 791 1926 sapius
817 1851 970 1926 repetatur
1003 1863 1125 1908 nodosae
1148 1849 1204 1908 eat

169 1958 203 2020 ln
226 1960 286 2020 illia
305 1959 449 2022 tundendi
471 1965 549 2024 actio
572 1965 698 2024 marimo
718 1970 883 2043 spectatur,
912 1967 942 2026 in
964 1964 1012 2025 his
1033 1963 1202 2042 hauriendi,

169 2095 263 2155 quare
290 2076 340 2138 itta
372 2095 441 2140 vasa
474 2076 543 2144 ἀπὸ
569 2081 624 2145 τοῦ
646 2091 716 2162 potu
737 2081 910 2142 dicebantur
934 2083 1021 2163 χόες,
1048 2082 1204 2162 οἰνοχόαι,

169 2195 300 2277 πρόχοι,
334 2193 503 2278 ἐπιχύσεις,
532 2198 595 2259 haec
617 2193 684 2262 α’πό
707 2198 762 2263 τοῦ
782 2193 893 2281 oporto
913 2195 1096 2281 opimum,
1123 2194 1204 2280 ripil-

30 2321 41 2340 ·
169 2329 276 2395 oropus,
298 2314 371 2393 alia3
394 2316 440 2376 hia
462 2317 552 2377 etiarn
574 2315 747 2380 annullaret
757 2317 879 2382 aunon
899 2319 1112 2378 annumerandi
1124 2319 1203 2379 aunt.

168 2432 255 2510 Apud
269 2431 482 2494 Latinoanulta
506 2433 572 2493 talia
595 2436 748 2494 nominum
771 2438 990 2517 convenientia3
1014 2435 1086 2495 illud
1109 2451 1203 2512 genua

169 2565 287 2627 urceos,
304 2550 450 2628 urceolos,
473 2551 732 2629 guttosdioebant,
753 2553 916 2633 hootruas,
940 2550 1203 2633 trullaa‚aimpnla.

254 2667 299 2727 Do
320 2666 435 2730 Latinis
457 2668 626 2729 nominibus
647 2669 711 2730 haeo
733 2689 855 2733 monera
873 2671 972 2735 liceat.
1013 2669 1202 2747 Uroar'raem·

168 2802 223 2862 par
247 2803 337 2846 unam
365 2803 465 2846 ansam
493 2802 576 2867 aas03
608 2789 688 2867 quod
711 2791 871 2850 tenendum
894 2792 991 2850 estin
1014 2789 1065 2850 illo
1086 2787 1203 2848 Horatii

169 2902 222 2974 [A.
234 2902 268 2963 P.
278 2899 353 2976 fflpg
367 2903 531 2982 “amphora
543 2907 641 2983 coepit
653 2907 780 2986 institui,
802 2913 942 2968 currente
954 2912 1018 2968 rota
1030 2925 1084 2968 cur
1095 2923 1203 2968 urceus

168 3016 270 3080 exitl”
312 3020 396 3082 Adeo
418 3023 497 3082 enim
519 3022 620 3084 infelix
641 3029 687 3084 eat
708 3024 828 3106 figulus,
851 3030 884 3086 ut
907 3042 965 3086 non
986 3025 1083 3086 aolum
1104 3027 1202 3084 minua

168 3155 236 3216 vas,
270 3156 358 3217 qnam
380 3142 565 3218 propositum
588 3140 698 3220 tuerat,
731 3144 783 3203 aad
810 3162 903 3222 prope
928 3143 1114 3205 dimidiatum
1136 3142 1202 3202 un-

168 3256 238 3317 ciat.
276 3255 480 3320 Truorautom
494 3261 612 3337 quidam
635 3259 712 3319 male
733 3265 876 3338 putarunt
897 3265 931 3322 ut
952 3262 1017 3322 cola
1040 3261 1203 3340 perforatas

167 3371 271 3452 tuisse,
294 3374 406 3435 inducti
429 3380 564 3437 contorta
588 3376 729 3437 Varronis
753 3377 857 3450 (ludu.
882 3378 918 3457 V,
940 3383 962 3454 ss
985 3374 1063 3452 118)
1086 3378 1202 3438 deriva-

169 3492 265 3552 tione:
299 3490 403 3570 “quod
429 3493 554 3556 travolat
585 3495 621 3556 et
650 3499 759 3578 aqua”;
793 3497 845 3556 aad
875 3495 970 3558 Varro
1003 3497 1075 3556 nihil
1110 3496 1203 3557 voluit

167 3607 259 3688 atiud,
283 3611 338 3670 nisi
361 3627 468 3689 aquarn
490 3630 526 3672 ex
548 3615 659 3674 maiore
676 3631 744 3674 vase
764 3615 792 3674 in
815 3612 1098 3695 minuatranatarri3
1121 3614 1203 3675 addit

167 3727 248 3787 anim
270 3728 350 3806 ipse:
382 3727 465 3808 “qna
494 3748 511 3790 a
540 3731 639 3792 outina
666 3733 696 3790 in
725 3731 898 3792 lavatrinam
919 3750 1026 3810 aquam
1048 3732 1201 3795 tundunt’'.

168 3843 316 3905 Videntur
338 3851 405 3908 trua
425 3852 458 3908 nt
479 3849 685 3910 diminativum
707 3849 795 3910 trulln
817 3857 849 3912 et
870 3852 1016 3931 nulnum,
1050 3869 1116 3930 qua
1138 3852 1202 3930 pat-

91 4039 97 4050 ἱ
166 3964 212 4022 aia
245 3967 308 4044 ast,
341 3965 378 4026 ab
406 3966 533 4028 rotunda
560 3975 592 4030 et
619 3971 730 4047 patenti
753 3971 851 4049 specie
879 3987 947 4032 asae
979 3968 1131 4051 appellata
1158 3974 1201 4041 [v.

167 4079 369 4155 malm

971 4205 1001 4253 171
