2876 4580
725 179 769 247 48

235 404 290 462 aut
307 392 480 468 κάλπιδος,
508 389 658 452 Homerus
678 385 732 465 (n.
753 397 798 468 ψ,
818 379 880 459 92)
902 383 994 446 habet
1012 380 1149 465 χρύσεον
1170 379 1283 466 ἀμφι.

234 515 359 599 φρρῆας
390 508 552 589 Sophocles
578 508 679 568 autem
703 505 750 566 Et.
780 497 861 562 1401
884 506 915 563 et
935 501 1100 580 AEscnytus
1122 501 1179 580 dg.
1201 497 1282 582 444,

235 633 289 696 Ch.
310 626 375 692 686
396 629 532 711 λέβητας
571 621 750 703 Lycophron
769 613 941 712 Ate10273
961 621 1118 702 κρατῆρα.
1174 620 1281 682 Etiam
1379 694 1381 700 Ι

235 748 358 834 φιάλην
378 747 503 825 tegimm
523 743 602 821 apud
623 740 785 801 Homerum
805 739 840 803 li.
861 749 903 821 ψ,
924 732 998 801 243.
1042 736 1176 818 imperat
1196 738 1283 800 enim

240 867 376 930 Aemines
397 865 434 925 ne
456 861 583 923 rinnon
604 842 744 920 aanor

271 973 279 981 '
320 986 376 1046 aar
396 977 438 1045 er
457 983 517 1063 par
537 977 573 1046 n
590 979 705 1067 χρυσέῃ
725 974 827 1065 φιάλῃ
848 978 904 1039 aar
925 957 1175 1063 σεπλακίαρμρ

321 1087 616 1290 delapsum
637 1089 732 1169 αὐτὸς
752 1089 835 1173 ἐγών
848 1090 946 1157 ”Arde
965 1089 1150 1175 πύθωμαι.

238 1221 280 1282 Et
298 1239 367 1280 mox
388 1219 418 1279 di
558 1219 642 1276 entes

322 1294 462 1416 Meron
482 1331 514 1409 ἐς
533 1334 668 1415 χρυσέην
685 1329 808 1414 φιάλην
828 1332 885 1393 καὶ
904 1327 1052 1393 δίπλακα
1072 1327 1184 1412 δημόν.

321 1456 354 1516 ln
377 1453 522 1532 quotane
544 1451 744 1529 interpretes,
766 1450 902 1528 quamvis
923 1453 1045 1509 constet
1063 1447 1189 1531 φιάλην
1211 1464 1283 1508 esse

238 1581 388 1654 pateram,
415 1574 512 1632 tamen
534 1587 594 1630 uuo
615 1555 673 1629 ore¹
688 1568 826 1642 tradunt,
854 1567 1030 1646 amphoram
1050 1585 1135 1643 esse,
1164 1566 1281 1628 inducti

239 1689 368 1753 Patrooti
390 1687 490 1748 verbis
510 1689 610 1766 (supr.
630 1705 659 1749 v.
681 1681 744 1760 91),

323 1806 366 1881 ὃς
387 1801 424 1867 δὲ
444 1807 499 1868 καὶ
519 1799 615 1868 ὀστέα
635 1804 713 1870 νῶϊν
732 1797 794 1888 ὄμῆ
814 1801 910 1886 σόρος
929 1796 1187 1886 α’μφικαλόπτυι,

322 1920 452 2006 χρύσεος
473 1917 682 2004 ἀμφιφορεὺς,
703 1920 761 1986 τόν
780 1943 830 1985 τοι
849 1921 932 2002 πόρε
952 1919 1073 1985 πότνια
1092 1921 1204 2006 μήτηρ.

324 2041 382 2103 Sed
403 2040 524 2100 minime
545 2041 582 2100 de
603 2039 708 2100 eodem
727 2038 850 2100 vasculo
871 2040 980 2116 agitur.
1033 2037 1115 2118 Quin
1139 2041 1233 2101 etiam
1254 2043 1284 2101 si

241 2161 308 2240 quis
328 2161 453 2220 miratus
474 2162 536 2238 est,
569 2158 647 2236 quod
668 2158 796 2236 pateris,
828 2158 865 2218 ad
888 2156 1107 2236 praeterendum
1130 2177 1221 2236 quarn
1244 2159 1284 2220 ad

241 2278 425 2340 condendum
447 2275 620 2355 aptioribus,
652 2275 687 2336 ad
710 2275 825 2336 oneres
847 2276 1008 2336 servandos
1031 2277 1078 2338 nsi
1101 2278 1173 2354 sint,
1196 2277 1285 2338 vide·
1345 2355 1353 2366 .

241 2402 292 2458 tur
315 2399 343 2455 iu
365 2395 424 2455 hoc
444 2394 565 2455 Homeri
587 2393 653 2454 loos
674 2411 763 2454 eausa
784 2392 874 2454 huius
895 2411 969 2454 usus
990 2393 1126 2458 indicari.
1158 2394 1282 2456 Etenim

242 2513 390 2590 Achilles,
424 2512 474 2590 qui
503 2511 583 2584 vult,
615 2511 718 2572 cadem
747 2529 820 2572 urna
849 2513 936 2573 condi
958 2529 1013 2573 sua
1035 2530 1104 2574 ossa
1125 2517 1158 2573 et
1179 2514 1282 2587 nmini,

242 2633 332 2694 huius
355 2629 531 2692 incusante
553 2645 657 2706 soum,
680 2629 762 2690 brevi
783 2634 974 2708 secuturum,
997 2648 1056 2691 non
1078 2649 1205 2710 prorsus
1227 2632 1283 2693 ab·

242 2751 372 2812 solutum
399 2751 493 2827 putat.
542 2731 647 2822 Quare
670 2752 701 2807 et
726 2765 850 2825 parvum
879 2748 1029 2810 tumulum
1056 2750 1157 2810 extrui
1185 2749 1281 2825 iubet,

244 2885 299 2928 nee
320 2869 434 2928 eineres
455 2865 541 2926 aauici
564 2865 683 2944 penitus
704 2866 791 2926 condi
812 2867 895 2945 sinit,
917 2867 969 2927 sed
992 2868 1022 2927 in
1045 2872 1149 2947 aperta
1164 2873 1281 2948 patera,

243 2989 357 3046 tantum
378 2984 464 3062 adipe
484 2987 581 3046 tectos
601 2983 715 3062 seponi,
736 2983 831 3045 donee
852 2986 917 3063 ipso
941 2986 1099 3048 combusto
1120 2987 1282 3066 utriusque

244 3103 377 3181 reliquie
397 3101 485 3163 simut
507 3102 608 3162 eadem
630 3119 704 3161 urna
725 3102 813 3162 condi
835 3104 959 3181 possint.

328 3217 565 3282 conficiebantur
594 3222 691 3279 tamea
720 3221 809 3282 etiam
836 3223 1002 3300 peculiares
1031 3241 1115 3283 urano
1144 3225 1174 3284 in
1197 3223 1279 3285 huuc

243 3357 342 3402 usum.
374 3336 486 3398 Harum
507 3337 616 3416 duptex
637 3355 732 3414 genus
752 3343 808 3400 est.
840 3339 977 3401 Alterum
991 3345 1118 3419 angpsto
1133 3339 1222 3418 cotio,
1245 3347 1281 3402 ut

33 3493 49 3509 .
123 3485 126 3492 ⁴
243 3475 332 3536 quam
363 3455 492 3516 maxime
522 3459 587 3515 tuta
619 3456 805 3532 quiescerent
837 3457 1046 3520 detunctorum
1073 3475 1152 3520 ossa.
1195 3458 1280 3520 Talia

242 3593 313 3636 nasa
335 3576 379 3636 net
410 3573 524 3651 lapidea
551 3573 597 3633 vet
626 3576 772 3652 testacea,
805 3593 898 3654 quum
927 3595 963 3638 ex
991 3575 1104 3638 Graecis
1131 3577 1280 3656 sepulcris

244 3694 336 3754 multa
348 3692 532 3771 prodierunt,
554 3696 617 3752 tum
635 3693 665 3750 in
677 3697 875 3756 monumentis
887 3695 1102 3776 sepulcralibus
1114 3713 1193 3774 saepe
1205 3713 1278 3756 con·

244 3813 412 3894 spiciuntur
424 3809 468 3869 net
479 3808 644 3888 anaglypho
653 3827 754 3892 opere,
775 3812 822 3872 vet
834 3831 871 3872 ex
881 3813 976 3874 sotido
987 3831 1136 3874 marmore
1147 3813 1281 3892 sculpta3

245 3928 293 3992 his
314 3929 488 4007 ptemmque
508 3931 712 4004 argumentum
726 3948 898 4008 expressum
912 3937 970 4012 est,
992 3937 1128 3992 mortuos
1141 3949 1159 3992 a
1173 3948 1282 4009 snper-

247 4044 367 4105 stitibus
393 4042 547 4104 discedens
576 4061 688 4121 eosque
714 4047 814 4108 valere
837 4050 951 4111 iubens.
996 4048 1176 4125 Piemmque
1198 4049 1281 4109 ansis
