2888 4576
723 207 788 275 lat

599 312 601 315 .
636 303 865 314 a—u———n——na-

242 419 328 479 nibus
348 419 381 476 et
401 433 479 494 saepe
501 413 585 492 aiias,
607 429 633 472 v.
654 409 728 474 Pan.
751 408 805 503 ili,
826 405 886 490 ³03
919 407 969 486 lv,
989 406 1043 474 al.
1097 410 1193 474 Umbo
1215 411 1280 490 pie·

241 551 367 613 rumque
389 535 550 593 introrsum
573 533 670 591 taetus
692 532 756 589 arat
779 545 906 606 persona
933 532 997 590 turn
1026 527 1188 607 Gorgonis,
1216 534 1279 590 tum

239 651 326 730 aiiis3
349 655 384 711 ut
404 649 571 728 Hesychius
592 643 882 728 βαλανιομφάλοος
910 647 1079 726 explicans,
1111 647 1168 708 hoa
1190 648 1220 708 in
1243 647 1280 708 iia

243 769 392 848 putaverit
412 785 479 828 osso
507 765 674 843 singulare,
709 763 788 841 qrrod
825 763 970 824 haberant
1004 759 1171 846 ὄμφάλονς
1200 762 1281 828 ἄνευ

242 883 429 968 προσώπων.
472 885 562 945 Extat
585 883 651 944 tatis
670 885 770 958 patera
787 880 887 942 fictilis
907 883 1005 942 modio
1019 881 1166 960 Gorgonis
1183 883 1281 960 capita

242 1007 347 1064 ornatu
369 1021 415 1080 ap.
438 1000 527 1064 Gerh.
550 1001 626 1079 iiap.
648 1000 731 1062 Vota.
754 1017 784 1060 n.
806 995 858 1062 42.
909 997 998 1072 Quod
1014 1004 1126 1060 autam
1153 998 1281 1060 Latron-

242 1121 311 1180 nius
333 1138 363 1197 p.
384 1105 448 1179 (³89
470 1118 527 1181 hoa
559 1118 680 1196 vulgare
712 1133 806 1194 genus
839 1113 1050 1200 ὄμφαλωνοάς
1081 1131 1149 1178 assa
1181 1122 1280 1195 negat,

243 1238 312 1316 quia
334 1255 440 1298 naman
465 1236 535 1296 iilud
558 1253 654 1296 raram
684 1235 920 1313 et·singutaram
942 1237 1071 1313 speciem
1096 1235 1280 1311 indicaverit,

244 1371 302 1414 nou
325 1356 399 1414 satis
421 1354 582 1415 attendisse
604 1353 721 1415 videtur
742 1354 778 1414 ad
801 1354 991 1430 antiquorum
1013 1353 1136 1430 scripto,
1162 1369 1229 1412 anm
1244 1357 1282 1412 at

243 1471 274 1534 in
297 1471 355 1553 his,
379 1473 649 1550 quos-citavimus,
683 1471 756 1532 tonis
788 1475 819 1532 et
846 1471 883 1530 ab
906 1469 1103 1530 Eratosthene
1124 1473 1156 1530 at
1176 1469 1282 1530 Asata-

244 1589 332 1668 piada
353 1607 399 1668 ap.
421 1588 492 1650 Aah.
514 1584 589 1666 501,
611 1588 641 1666 d,
663 1607 692 1651 a.
726 1588 869 1649 umbones
899 1565 1071 1666 paterarum
1103 1603 1283 1647 commemo-

237 1709 350 1770 rantur
371 1710 405 1766 ut
427 1723 476 1768 res
497 1724 619 1785 prorsus
643 1710 711 1766 nota
733 1712 764 1767 at
785 1706 926 1783 vulgaris.
979 1703 1057 1767 Sunt
1088 1710 1187 1765 autem
1218 1704 1282 1766 haea

203 1819 204 1822 ’
243 1840 348 1890 eorum
369 1822 476 1886 rerba:
500 1825 561 1888 τῶν
581 1821 708 1905 φιάλιον
728 1820 761 1888 οἳ
782 1820 927 1906 ὄμφαλοι
948 1823 1003 1884 καὶ
1024 1822 1086 1886 νῶν
1098 1821 1282 1902 βαλανείων

243 1934 276 2002 oi
297 1935 396 2002 θόλοι
417 1939 602 2022 παρόμοιοι.
653 1939 725 2002 Sina
744 1958 834 2002 *causa
858 1941 949 2018 igitur
969 1938 1150 2000 Latronnius
1173 1958 1281 2001 aarum

243 2054 329 2116 finxit
350 2035 519 2135 patararum
540 2075 651 2137 genus,
685 2059 764 2136 quod
785 2057 945 2119 umbonem
966 2055 1090 2118 haberet
1115 2062 1282 2118 extrorsum

245 2177 416 2252 vergentem
438 2175 486 2252 (n.
506 2169 583 2259 35);
616 2193 689 2252 quaa¹
714 2174 826 2254 torma,
858 2180 893 2235 ut
915 2175 944 2234 in
967 2174 1033 2235 auio
1054 2176 1206 2252 aptissima
1235 2179 1283 2235 ost

244 2265 372 2371 (aas),
395 2293 436 2354 aa
458 2294 488 2352 u
511 2297 613 2370 paren
635 2293 708 2354 aran
731 2292 876 2353 suasanus.
909 2289 1162 2364 Quorsumnam
1183 2290 1282 2352 furter

245 2411 445 2485 grammaticis
468 2411 620 2488 negotium
642 2410 788 2488 exhibuit,
812 2427 869 2469 non
893 2408 982 2468 umbo
1007 2410 1137 2486 estuari
1160 2425 1282 2487 compa·

246 2527 321 2586 ratio
343 2526 481 2587 umbonis
504 2545 572 2588 cum
592 2527 696 2588 batnon
718 2547 736 2588 a
758 2525 879 2588 Cratino
901 2528 1055 2602 instituta,
1085 2527 1137 2606 qui
1164 2531 1281 2604 pateras

245 2641 550 2726 βαλανειομφάλους
571 2645 696 2726 dixerat,
720 2645 757 2705 da
778 2659 839 2724 quo
860 2643 950 2705 verbo
971 2645 1044 2705 mihi
1065 2644 1186 2722 quidem
1199 2643 1294 2704 vtae--

246 2763 296 2818 tur
317 2760 424 2821 inutile
452 2763 615 2842 disputare,
649 2763 790 2842 quoniam
822 2779 881 2824 uon
903 2763 1030 2840 integer
1061 2765 1158 2843 posta
1185 2760 1280 2832 iocum

244 2876 303 2941 aad.
320 2881 717 2972 tantum‘grammaticorum
737 2879 886 2959 disputata
908 2883 1020 2941 extant.
1103 2906 1107 2910 ·
1143 2954 1146 2962 ι

434 3075 465 3140 9.
512 3077 654 3140 Genera
676 3080 837 3160 quartam
855 3089 1090 3158 paterarum.

331 3227 463 3312 Φιάλη
484 3228 658 3314 λεπαστή
679 3232 742 3292 sive
764 3232 939 3310 simpliciter
958 3231 1116 3316 λεπαστή,
1140 3248 1225 3310 mox,
1247 3236 1282 3291 ut

242 3363 366 3423 prorsus
388 3346 598 3440 obscuraretur
619 3349 755 3410 adiectiri
786 3352 903 3428 natura,
924 3349 1067 3434 λοπάστη
1089 3351 1184 3427 diota,
1218 3353 1282 3410 arat

243 3481 382 3542 magnum
392 3465 455 3526 riui
467 3481 528 3542 vas,
541 3483 557 3526 a
570 3463 684 3528 Latinis
695 3467 785 3528 etiam
796 3467 901 3546 topanta
913 3468 1069 3548 appellata,
1088 3485 1115 3529 r.
1130 3466 1223 3528 Varro
1244 3449 1279 3526 L'.

241 3579 280 3640 L.
307 3578 345 3656 V,
368 3577 387 3641 l
408 3576 447 3667 ὅς
469 3581 583 3645 Nonius
605 3603 633 3663 p.
654 3579 728 3646 547.
782 3557 898 3646 Nomen
932 3603 987 3648 nea
1019 3583 1169 3649 ολάπτω
1194 3571 1280 3644 ¹tiari-

183 3763 186 3767 ,
244 3701 344 3758 vatum
371 3703 437 3776 est,
470 3705 504 3761 ut
524 3700 588 3762 vuit
619 3701 783 3762 Athenaeus
815 3695 891 3782 485,
913 3721 941 3782 a,
976 3720 1030 3763 nec
1063 3719 1082 3762 a
1114 3698 1281 3784 λαμβάνω,

183 3861 188 3868 κ
243 3815 277 3871 ut
309 3816 445 3892 egregius
477 3817 528 3878 itte
560 3818 652 3879 schot.
679 3816 841 3880 Clementis
864 3817 980 3895 Paedag.
1001 3816 1040 3897 ΙΙ,
1062 3813 1102 3880 3:
1140 3811 1281 3899 λεπαστὴ

240 3927 418 4010 gangaridas
437 3930 579 4015 ἔκπωμα,
601 3932 731 3998 ἐπωολδι
750 3936 813 4015 μιᾷ
833 3929 867 3998 τὸ
890 3933 1050 4020 εἰλῆφθαι
1066 3937 1279 4017 παρεχομένη·

243 4045 393 4106 eruditum
416 4063 488 4107 sana
509 4049 616 4126 virum,
639 4050 690 4126 qni
704 4053 882 4128 nepateram
905 4053 1025 4130 quidem
1047 4069 1114 4114 essa
1140 4053 1280 4140 patiatur,
