2876 4580
617 559 752 632 Diuisio.

256 709 355 770 llabet
377 711 474 770 omnis
501 710 608 772 divisio
637 727 695 770 non
725 711 897 790 notionum,
933 711 986 773 sed
1013 730 1112 774 rerum
1141 732 1210 792 per·

169 845 295 907 magnas
329 827 528 890 difficultates.
567 827 669 912 ¹Nam
701 829 819 891 videtur
852 847 953 891 rerum
987 835 1091 892 natura
1124 833 1210 911 quasi

170 966 265 1009 unum
287 952 318 1008 et
340 947 525 1008 individuum
546 964 665 1026 corpus,
700 947 779 1025 quod
803 949 832 1008 in
856 953 956 1028 partes
978 951 1073 1011 secari
1095 968 1128 1012 se
1151 968 1209 1012 uon

171 1069 321 1146 patiatur3
343 1069 384 1127 ita
407 1067 551 1144 permixta
573 1071 644 1126 sunt
665 1085 766 1127 rerum
788 1085 905 1145 genera,
928 1070 970 1128 ita
992 1067 1107 1130 contusi
1130 1069 1211 1130 ordl-

173 1203 244 1263 ues,
276 1189 311 1246 ut
332 1201 512 1264 quocunque
533 1185 621 1246 modo
645 1186 819 1246 duxerimus
841 1187 926 1264 quasi
949 1187 1085 1248 cardines
1107 1191 1138 1248 et
1159 1188 1213 1248 de·

173 1321 315 1366 cumanos
348 1306 482 1380 nostros,
523 1320 581 1363 non
615 1305 763 1382 possimus
797 1321 854 1364 non
888 1305 995 1366 similia
1029 1306 1210 1384 disiungere,

173 1427 300 1501 cognata
321 1439 471 1500 separare,
494 1426 528 1482 ut
549 1439 627 1500 saepc
649 1439 708 1482 non
730 1422 874 1502 dividere,
896 1423 947 1484 sed
971 1423 1107 1501 trangere
1129 1424 1212 1485 vide·
1317 1494 1322 1498 ,

174 1559 269 1604 amur.
312 1541 367 1600 Est
389 1544 486 1602 tamen
509 1540 718 1620 dividendum,
740 1559 778 1601 ne
800 1545 912 1601 temore
934 1545 965 1601 ot
986 1543 1051 1601 sine
1074 1540 1139 1618 lege
1161 1559 1213 1602 va·

175 1649 296 1736 gomor,
332 1658 384 1718 sed
412 1663 493 1719 certa
523 1659 651 1738 quadam
671 1661 718 1718 ria
740 1658 975 1738 progrediamur.
1020 1657 1119 1738 Quem
1141 1677 1212 1720 vero

174 1780 328 1838 auctorem
357 1794 518 1854 sequamur
546 1778 661 1868 potius,
696 1794 784 1854 quam
812 1775 910 1837 Deum
936 1778 1034 1856 ipsum
1065 1777 1212 1839 Bacchum

174 1897 221 1956 vel
243 1895 442 1956 Athenienses
469 1895 565 1955 Deum
594 1890 800 1956 celebrantes?
843 1894 981 1973 rigebant
1008 1897 1087 1956 enim
1116 1895 1213 1957 Athe·

175 2016 295 2075 nienses
318 2015 476 2093 quotannis
501 2011 689 2073 dnlhesteria
717 2033 771 2093 per
800 2019 860 2074 tres
888 2014 970 2091 dies,
1003 2033 1128 2094 quorum
1151 2016 1212 2093 pri·

1 2117 2 2127 ¹
74 2136 77 2138 ’
173 2150 243 2194 mus
264 2136 329 2192 erat
349 2134 528 2211 Πιθοιγία,
551 2131 627 2193 alter
647 2131 748 2206 Χόες,
771 2133 878 2192 tertius
900 2129 1030 2213 Xdrpor.
1073 2130 1135 2192 Nec
1158 2150 1212 2192 nos

175 2249 331 2330 habemus,
354 2269 413 2328 qua
435 2251 535 2329 potius
557 2252 674 2312 ratione
695 2254 832 2327 utamur,
855 2267 945 2328 quam
967 2253 1001 2310 ut
1022 2266 1213 2310 secernamus

176 2387 245 2430 vasa
267 2387 334 2448 quae
355 2368 484 2448 habent,
518 2387 585 2447 quae
606 2370 692 2448 dant,
726 2389 792 2448 quae
822 2369 988 2448 acciplunt,
1022 2369 1086 2428 sive
1114 2385 1149 2428 ea
1176 2386 1213 2428 ex

175 2487 296 2567 quibus,
319 2463 356 2548 eu
376 2487 495 2566 quibus,
518 2505 553 2548 ea
575 2487 606 2547 in
629 2505 695 2565 quae
715 2487 863 2548 hauritur.
896 2485 981 2547 Licet
1003 2491 1101 2547 tamen
1124 2487 1214 2546 eliam

175 2610 316 2683 quartum
344 2622 438 2684 genus
464 2605 561 2666 lacere
590 2607 668 2665 inter
695 2606 824 2684 primum
846 2610 876 2666 et
898 2607 1020 2666 tertium
1041 2607 1127 2684 quasi
1148 2624 1214 2666 me·
1323 2687 1328 2694 ‚

176 2726 269 2801 dium,
293 2742 396 2784 eorum
411 2741 560 2802 rasorum,
584 2726 613 2785 in
637 2724 745 2802 quibus
767 2728 970 2802 temperantur
993 2728 1024 2784 et
1045 2727 1215 2802 coquuntur

176 2843 325 2922 liquores3
348 2843 396 2902 cul
413 2859 489 2902 noro
512 2845 614 2921 generi
636 2861 653 2904 a
677 2841 909 2904 Bacchanalibus
926 2841 1102 2928 deficientes
1124 2842 1214 2902 etlam

175 2960 250 3022 ollas
271 2961 494 3039 adscripsimus.

463 3095 531 3160 Sint
552 3096 644 3176 igitur
664 3095 729 3156 haec
751 3113 869 3178 genera.
878 3098 912 3172 *J

616 3260 723 3366 Caput
746 3261 780 3342 1.

384 3419 465 3490 Vasa
487 3420 521 3488 ln
543 3419 656 3510 quibus
677 3433 843 3488 seruantur
865 3418 1016 3508 liquores.

261 3565 325 3644 §L
347 3566 472 3649 Maiora,
494 3557 610 3647 quibus'
623 3567 756 3651 liquores
777 3571 829 3627 aut
850 3565 906 3626 snb
929 3570 1007 3626 terra
1030 3569 1061 3625 et
1078 3566 1108 3624 in
1130 3565 1213 3628 cellis

199 3836 228 3901 *)
246 3835 368 3886 Versatur
384 3838 438 3888 haec
455 3837 592 3900 disputatio
610 3835 737 3898 precipue
752 3833 778 3884 ln
790 3832 857 3884 vesle
870 3833 1023 3886 cibariorum
1037 3841 1062 3887 ct
1072 3837 1215 3900 potionum.

246 3921 331 3982 nque,
345 3926 474 3972 tamenet
491 3922 541 3972 olei
559 3931 629 3982 vasa,
647 3920 706 3982 quia
725 3932 793 3983 sepe
811 3919 904 3971 iisdem
921 3920 1069 3971 nominibus
1083 3923 1215 3984 appellen-

246 4011 299 4068 tur,
327 4008 473 4057 neccssario
491 4006 647 4060 assumenda
668 4012 745 4056 erant.
792 4004 856 4068 Qus
874 4019 931 4058 vero
950 4020 964 4058 o
982 4007 1067 4058 culina
1086 4019 1215 4068 unuquam

247 4091 371 4157 exierunt,
391 4097 479 4154 utpote
496 4091 575 4144 nimis
596 4091 711 4156 obscura,
728 4091 815 4141 omisi.
