2888 4576
667 219 730 286 153

171 428 226 488 sert
246 421 353 488 ortam-t
372 365 441 488 linc
463 440 570 486 nomen
591 421 696 484 eodem
718 423 857 502 pertinet,
879 442 938 504 quo
960 424 1088 506 λάιιιολ
1099 427 1211 506 λεπάς,

171 550 203 606 et
225 545 315 606 habet
336 562 408 606 sane
429 547 533 640 patera
555 541 777 604 similitudinem
799 540 929 620 utiquam
950 548 1067 606 ostrea.
1102 545 1212 629 Φιάλη

43 647 52 658 “
171 660 325 746 λεπαστή,
356 661 435 741 quod
464 660 573 738 iegitur
600 658 677 736 apud
699 659 898 722 hnaraudrid.
918 660 990 724 Ath.
1013 661 1065 742 Ν,
1088 657 1161 740 131,
1184 681 1212 742 ο,

168 786 205 841 et
236 780 310 842 rou.
344 777 400 860 Vl,
422 774 476 854 95,
510 793 703 857 permagnum
726 776 865 855 poculum
899 777 972 855 iuit3
1004 797 1031 839 r.
1063 780 1132 844 hth.
1155 780 1213 859 xl,

173 893 247 977 485,
274 909 307 959 a:
343 895 464 970 κύλικες
494 891 579 978 η’σαν
597 893 756 980 μεγάλαι,
788 899 819 956 et
851 895 944 958 schol.
967 896 1020 958 Ar.
1042 895 1110 959 Pac.
1131 893 1210 962 916:

174 1012 259 1090 εἶδος
280 1017 431 1097 ποτηρίου
451 1013 602 1097 parterii
633 1013 733 1090 κύλιξ,
766 1013 844 1092 apud
867 1016 996 1075 comicos
1019 1031 1077 1075 uon
1099 1033 1211 1095 rarum,

173 1137 207 1193 ut
229 1132 337 1194 docent
359 1131 592 1211 exemplaapud
615 1131 789 1193 Athenaeum
801 1130 820 1193 Ι.
833 1130 852 1192 i.
886 1129 1022 1193 Citantur
1042 1135 1133 1194 ctiam
1149 1133 1214 1195 hcc

175 1269 211 1311 ex
247 1250 396 1329 Gerytade
427 1250 635 1329 Aristophanis
667 1243 758 1330 (485,
780 1249 831 1324 bJ:
860 1243 917 1312 Ἠν
952 1247 989 1312 δὲ
1024 1244 1059 1314 τὸ
1091 1247 1214 1332 πρᾶγμ’

125 1349 127 1355 ⁵
175 1365 277 1452 ἑορτή.
299 1371 471 1452 περιέφερε
498 1365 532 1431 δ’
558 1363 635 1453 cipio
664 1367 766 1454 κνκληῖ
792 1362 954 1451 λεπαστὴν
975 1363 1053 1447 auxi
1071 1371 1212 1452 προσφά·

177 1509 248 1569 ρων.
263 1495 341 1561 παῖς
363 1483 464 1568 ἐνέχει
491 1508 525 1548 ra
552 1483 680 1568 σφόδρα
703 1486 917 1568 κυανοβενθῆ.
973 1483 1034 1563 Qui
1067 1485 1151 1546 iocus
1182 1487 1212 1546 in

174 1622 295 1682 gravem
327 1621 458 1664 errorem
492 1604 607 1664 induxit
634 1603 784 1663 Ameriam
811 1605 1034 1679 grammaticum
1056 1595 1147 1681 (485,
1169 1602 1213 1682 d),

175 1740 266 1801 quem
293 1723 389 1782 secuti
422 1724 492 1781 suat
525 1719 599 1784 Poii.
623 1719 665 1798 X,
687 1715 731 1780 75
752 1725 783 1780 et
804 1719 951 1800 hesych,
984 1726 1018 1782 ut
1050 1719 1213 1805 λεπαστήν

176 1843 342 1902 statuerent
364 1855 431 1900 esse
453 1837 609 1921 οἰνοχόην.
658 1838 723 1900 lmo
751 1843 785 1900 ut
813 1839 842 1898 io
865 1837 1001 1900 Platonis
1020 1839 1154 1900 convivio
1177 1856 1213 1898 ex

177 1975 282 2034 magna
305 1962 407 2034 patera
431 1953 484 2020 ἐπὶ
505 1955 598 2035 δεξιά
617 1956 733 2034 bibunt,
767 1958 807 2016 ita
829 1955 887 2016 hoc
922 1956 985 2018 ioco
1019 1977 1055 2019 ex
1089 1957 1212 2036 lepesin,

176 2092 266 2152 quem
287 2075 457 2136 circumfert
477 2061 553 2153 puer
575 2092 693 2152 semper
704 2074 800 2134 denuo
814 2071 981 2132 infundens.
1027 2074 1070 2133 De
1091 2075 1212 2153 proprie

176 2190 269 2252 torma
291 2191 414 2270 lepestae
437 2193 509 2254 nihii
531 2192 711 2270 accepimus,
742 2193 776 2249 ut
797 2190 822 2250 si
845 2190 912 2268 quis
934 2207 1001 2250 vera
1025 2194 1140 2268 querat
1161 2207 1213 2250 ra·

176 2325 280 2370 sorum
303 2311 431 2388 nomina,
454 2309 491 2371 ab
512 2310 574 2371 hoo
591 2327 663 2369 sane
685 2307 892 2369 abstinendum
904 2309 953 2367 sit.
988 2306 1065 2385 Quae
1082 2305 1213 2368 Panoiha

175 2425 391 2488 otGerhardus
412 2427 469 2488 hoc
491 2429 610 2488 nomine
632 2426 827 2506 appellarunt,
844 2424 1114 2502 videasRech.lV‚
1129 2420 1215 2484 aues

174 2539 418 2608 mnam

191 2750 194 2754 Ι
252 2661 418 2738 ’Ἀκατος
440 2662 557 2741 proprie
580 2661 722 2725 naviculae
747 2678 852 2722 nomen
876 2664 932 2737 est,
954 2651 1081 2741 fierique
1104 2665 1211 2739 potest,

128 2794 133 2802 ·
178 2787 211 2842 ut
242 2783 272 2842 iu
306 2777 456 2860 Epicratis
487 2797 577 2842 versu
610 2799 656 2859 ap.
679 2780 750 2842 ath.
771 2779 835 2858 XI,
865 2772 944 2860 782,
967 2777 991 2841 i.
1011 2780 1111 2858 potius
1132 2778 1215 2838 naris

178 2917 267 2978 quam
288 2898 428 2978 poculum
450 2899 499 2959 sit.
543 2897 617 2959 ibid.
628 2893 704 2976 502,
726 2915 754 2958 a.
776 2887 986 2975 Theopompus
1005 2900 1216 2956 commemoret

176 3015 389 3101 μεσόμφαλον
409 3012 541 3099 φιάλην·
566 3014 719 3098 Τελέστης
752 3010 786 3080 δ’
822 3013 945 3078 ἄκατον
976 3006 1123 3095 οἶνόμαζέ
1153 3032 1215 3075 νιν.

179 3133 360 3194 Letrouuius
381 3152 410 3211 p.
432 3128 507 3210 691,
530 3138 591 3194 οοῑ.
611 3128 634 3192 4
657 3134 725 3194 inde
747 3134 907 3212 concinuit,
936 3132 994 3192 hoo
1016 3133 1215 3191 commentum

178 3251 272 3312 tuisse
290 3250 418 3312 Telestae
440 3250 651 3328 dithyrambici
680 3256 785 3328 poeta.
834 3252 915 3311 Fieri
937 3254 1053 3328 potest,
1087 3252 1121 3308 ut
1152 3247 1216 3307 haec

178 3369 236 3428 1οοί
261 3369 406 3429 sententia
429 3369 479 3443 sit,
501 3369 553 3429 sed
577 3368 614 3427 de
638 3373 697 3428 tarn
720 3367 854 3444 abruptis
877 3368 973 3444 verbis
995 3367 1115 3427 ditiioiie
1137 3364 1215 3425 iudi·

178 3487 258 3546 cium
280 3490 335 3548 est.
388 3483 476 3546 Brevi
503 3490 601 3547 tamen
623 3486 681 3546 hoo
704 3501 810 3545 nomen
833 3485 982 3562 vulgatum
1005 3501 1071 3543 esse
1085 3483 1216 3563 ridetur,

179 3622 246 3664 narn
268 3604 358 3664 etiam
380 3602 564 3682 Antiphanes
576 3622 624 3682 ap.
645 3603 716 3664 Aah.
739 3599 808 3679 XV,
829 3596 904 3682 692,
927 3601 955 3664 t:
977 3598 1122 3683 μεγάλην
1138 3594 1217 3675 Διὸς

177 3721 323 3806 Σωτῆρος
350 3719 473 3784 ἄκανον
498 3715 556 3803 ἦρέ
575 3743 630 3794 τις.
648 3748 690 3765 -··
702 3718 834 3780 Panoiha
857 3711 977 3795 ttl‚'30
998 3715 1217 3780 einarovexhi·

172 3839 293 3924 herese
314 3840 409 3917 putat.
431 3870 473 3882 -
499 3835 665 3921 Τριηρης
694 3839 784 3898 etiam
807 3839 1036 3914 magna'patera
1058 3833 1151 3894 fuisse
1172 3830 1216 3894 vii

142 4041 145 4049 1
177 3957 282 4034 detur,
317 3974 344 4017 v.
368 3955 511 4033 Epinious
535 3960 566 4016 et
590 3953 773 4034 Antiphanes
795 3972 842 4033 ap.
866 3952 935 4024 hth.
959 3952 1016 4032 xt,
1037 3946 1112 4046 497,
1134 3951 1217 4029 b‚·et

176 4070 253 4152 500,
276 4091 302 4134 e.
