2876 4580
737 228 911 312 το,

244 432 322 516 ἔχων
343 431 440 498 ὄλπιν
461 436 554 508 θεοῖς
574 431 771 515 ολνοχόήσεν,
804 436 835 492 ct
855 429 909 492 ion
935 430 1027 493 Chius
1049 425 1146 509 (495,
1170 430 1224 503 hJ:
1247 427 1284 493 ἐκ

244 551 374 628 ζαθέαν
393 549 568 614 πιθακνῶν
590 545 784 632 ἀφύσσοντες
807 545 934 624 ὄλπαις.
990 547 1159 610 Clitarchus
1181 553 1282 609 autem

245 669 390 749 tradebat,
423 669 500 728 hanc
532 669 660 728 nominis
681 667 926 745 significationem
948 667 1026 745 apud
1046 665 1208 727 Thessalos
1229 681 1283 725 vc·

244 788 327 862 iere,
362 787 441 846 ittam
473 803 544 847 vero
575 786 693 847 oleariae
725 785 862 864 amputtae
890 785 968 864 apud
997 782 1187 862 Corinthios,
1219 782 1282 862 np-

244 906 367 984 zantios,
398 902 533 982 Cyprios.
577 902 667 981 Quod
695 921 766 965 vero
794 901 963 980 Hesychius
991 901 1136 963 discernit
1167 898 1283 983 ὄλπην,

109 1091 114 1098 ⁴
245 1021 390 1104 λήκυθον
411 1027 441 1082 et
462 1018 568 1096 ὄλπιν,
592 1019 748 1103 ολνοχόήν,
774 1038 904 1098 eumque
923 1024 1047 1110 secutus
1068 1025 1116 1080 est
1137 1017 1281 1080 Letronn.

245 1133 494 1219 Eph.Er.1833,
518 1134 632 1220 p.620,
654 1137 710 1198 hoc
735 1136 841 1198 tatsurn
864 1155 932 1197 esse
953 1138 1062 1198 docent
1082 1137 1217 1216 exempta
1238 1137 1283 1197 at·

247 1257 323 1330 tata,
357 1259 386 1317 iu
409 1257 518 1336 quihus
539 1261 666 1334 utraque
688 1253 780 1315 torma
802 1257 970 1333 promiscue
993 1257 1153 1318 invenitur.
1204 1253 1282 1315 ltiud

247 1378 378 1455 constat,
409 1374 466 1435 hoo
489 1373 664 1434 vocabulum
692 1377 723 1433 et
749 1378 864 1434 mature
886 1374 1053 1436 obsoletum
1082 1372 1192 1453 tuisse,
1227 1391 1284 1434 nec

247 1511 377 1571 unquam
392 1492 481 1570 uulgo
495 1496 670 1569 usurpatum
688 1492 746 1551 nisi
767 1492 844 1570 apud
857 1491 980 1553 Doricae
1001 1493 1144 1571 quasdam
1166 1495 1283 1568 gentes.

248 1608 351 1687 Quare
372 1610 448 1670 maie
469 1609 618 1689 iecerunt,
643 1610 721 1687 quod
744 1610 832 1671 etiarn
855 1610 911 1670 hoc
933 1612 1052 1670 nomino
1073 1609 1176 1670 fictitia
1198 1618 1283 1687 quas·

247 1726 315 1786 darn
336 1727 522 1806 appellarunt
544 1725 684 1803 Panoika,
708 1726 800 1788 Rech.
825 1726 860 1806 V,
885 1721 962 1803 102,
988 1731 1019 1786 et
1041 1725 1184 1790 Gerhard.
1207 1726 1285 1806 Rap.

249 1859 277 1903 n.
301 1837 358 1924 163
380 1842 440 1905 Utt.
463 1842 498 1906 R.
522 1862 551 1905 n.
572 1839 624 1903 35.

509 2091 511 2096 ’
588 2093 619 2159 3.
659 2094 933 2180 Ἀλάβαστρος

249 2254 295 2311 est
315 2247 455 2332 λήκυθος
476 2266 513 2309 ex
534 2247 705 2310 alabastrite
726 2249 824 2328 iapida
846 2249 940 2331 iacta,
975 2253 1004 2310 in
1033 2251 1143 2329 quibus
1172 2251 1286 2329 optimc

249 2368 361 2428 servari
385 2371 535 2444 unguenta
558 2367 630 2428 dicit
650 2365 725 2430 Ptin.
748 2365 785 2428 Η.
807 2365 845 2430 Ν.
868 2365 952 2447 xiii,
975 2367 1006 2430 S.
1018 2363 1051 2448 3,
1073 2363 1162 2443 §l9.
1212 2367 1286 2428 Siue

249 2483 339 2545 dubio
361 2483 466 2561 lapidis
489 2469 599 2544 nomcu‘
618 2483 749 2546 barbarae
770 2485 894 2562 originis
916 2489 976 2566 est;
1003 2504 1070 2546 nam
1093 2486 1171 2565 quod
1195 2489 1285 2565 puta·

249 2604 319 2660 runt
340 2601 469 2678 antiqui,
503 2597 667 2662 derivaturh
696 2620 762 2663 esse
789 2621 825 2663 ex
847 2625 870 2665 α
894 2605 1040 2681 privativo
1063 2609 1094 2665 et
1114 2603 1285 2685 λαβέσθαι

248 2716 383 2801 (λαβή),
416 2723 448 2778 ut
471 2718 688 2796 significaretur
710 2737 760 2780 vas
782 2722 862 2781 ansis
885 2713 1004 2801 carens,
1039 2721 1068 2782 id
1091 2721 1173 2783 nutto
1195 2725 1285 2799 pacto

131 2847 134 2852 ·
250 2839 347 2914 potest
367 2835 448 2915 tieri3
482 2855 660 2916 quamquam
688 2839 777 2900 etiam
799 2837 921 2898 hhehen
945 2837 1025 2912 (itai.
1048 2837 1127 2900 Mea.
1151 2856 1180 2915 p.
1201 2833 1284 2912 269)
1402 2843 1408 2857 '

250 2955 279 3012 in
301 2971 336 3013 ca
358 2959 404 3014 est
425 2956 583 3018 sententia.
596 2954 630 3032 *J
647 2988 688 3000 -
711 2954 1014 3017 Primusflcrodotus
1036 2953 1105 3037 (ΙΙΙ,
1117 2951 1176 3028 20)
1200 2973 1281 3016 com-

249 3074 393 3130 memorat
415 3066 621 3153 ἀλάβαστρον
640 3071 748 3156 μύρου.
791 3072 864 3133 Inde
886 3091 958 3134 usus
979 3055 1120 3152 frequens
1135 3072 1213 3151 apud
1225 3072 1284 3133 At·

248 3187 335 3263 ticos,
349 3191 381 3246 ut
394 3185 519 3250 Suidas:
541 3187 685 3272 λήκυθον
695 3185 751 3274 τήν
765 3190 819 3254 τοῦ
831 3189 930 3273 μήρου
940 3187 972 3255 οἳ
985 3185 1120 3255 Ἀττικοὶ
1130 3190 1285 3256 καλοῦσιν

248 3297 463 3388 ἀλάβαστρον.
508 3305 543 3368 V.
564 3307 657 3368 Arist.
684 3308 760 3368 Ach.
793 3302 892 3389 10533
927 3305 1098 3372 Catiimach.
1128 3308 1201 3371 Pati.
1231 3304 1284 3388 15,

248 3419 315 3485 Cer.
340 3415 397 3503 133
420 3421 569 3486 Plutarch.
591 3415 695 3486 Tinioi.
709 3420 766 3505 153
789 3423 939 3488 Theocrit.
965 3420 1106 3505 15‚114:
1129 3429 1235 3508 Συρία
1246 3425 1285 3490 δὲ

246 3538 335 3622 μύρια
358 3535 473 3623 χρυσετ’
500 3535 700 3624 ἀλάβαστρα.
754 3541 852 3603 Etiam
880 3543 959 3622 apud
988 3541 1129 3625 Latinos,
1163 3549 1197 3605 ut
1219 3541 1284 3607 Cic.
1413 3548 1419 3581 ⁵

271 3835 296 3900 ²¹)
314 3835 383 3887 Satis
405 3837 512 3891 ridtoutc
530 3839 578 3891 hoc
597 3843 720 3904 expressit
737 3843 821 3896 schot.
839 3845 871 3895 ad
888 3843 934 3898 Ar.
952 3843 1018 3895 hch.
1039 3844 1118 3896 tosa:
1138 3843 1285 3912 λήκυθοςή

316 3913 372 3972 cira
387 3917 426 3990 μή
442 3923 551 3991 ἔχουσα,
569 3915 600 3988 ἧς
617 3923 665 3976 οὐκ
682 3926 736 3978 ἔστι
752 3927 902 3992 λαβέσθαι..
923 3928 1021 3980 Tamen
1040 3929 1186 3982 Gerhardus
1203 3931 1284 3981 etiam

316 4003 490 4071 (Δοοο1.ΙΙΙ,
510 4005 610 4072 paro)
629 4014 700 4071 putat
718 4021 775 4060 essa
794 4023 846 4073 vas,
865 4013 932 4074 quod
952 4013 1071 4064 manibus
1089 4013 1211 4075 prehendi
1231 4027 1284 4064 uon

316 4089 406 4152 possit,
424 4087 493 4139 “non
513 4091 720 4153 managunuuc’.
