2876 4580
732 189 754 254 l

628 275 856 288 ..ω-*Π-

313 555 387 636 Ouo
408 551 445 619 cle
467 570 565 620 causo
586 550 620 618 ire
640 549 790 640 sepulcris
812 549 1014 618 inveniantur
1033 549 1174 640 oaso.*)

310 717 418 797 Populi
447 721 481 778 ut
508 717 545 778 de
573 719 668 778 morte
697 719 848 794 statuunt,
881 717 923 776 ita
945 718 1082 780 mortuos
1103 717 1264 794 sepeliunt.

226 837 286 913 Qui
319 853 352 896 se
379 836 483 896 mortis
511 834 639 896 adventu
664 838 775 914 putant
802 833 904 896 beatos
931 834 961 892 in
991 837 1132 894 aeternam
1160 853 1266 913 pacem

226 955 325 1017 redire
346 957 377 1014 et
398 955 427 1013 in
450 955 583 1032 parentis
605 957 718 1014 naturae
740 954 838 1014 sinum
861 951 997 1030 dissolvi,
1030 953 1163 1030 corporis
1192 953 1266 1014 reli-

226 1073 328 1150 quias,
350 1075 384 1132 ut
405 1072 534 1150 primurn
555 1071 684 1132 decessit
704 1072 819 1149 anima,
847 1069 989 1130 festinant
1010 1069 1129 1130 llamma
1152 1070 1265 1134 delere.

225 1191 286 1266 Qui
308 1195 408 1252 autem
430 1191 534 1249 inanes
556 1187 718 1252 interorum
740 1185 877 1248 tenebras
899 1188 1042 1262 horrent,
1076 1207 1130 1249 neo
1152 1190 1209 1250 uisi
1233 1189 1266 1248 iu

225 1327 279 1386 eo,
313 1308 392 1386 quod
419 1307 573 1386 uiderunt,
607 1325 732 1389 corpore
760 1306 850 1368 ullam
874 1312 996 1384 sperant
1017 1303 1080 1366 lore
1102 1290 1278 1368 humanam

225 1429 327 1503 vitam,
360 1426 434 1486 nibil
457 1426 551 1502 magis
573 1430 732 1504 verentur,
765 1441 854 1502 quam
876 1441 913 1484 ne
936 1441 993 1513 non
1016 1425 1088 1484 satis
1111 1424 1160 1486 diu
1184 1426 1265 1490 inte-

225 1563 310 1622 grum
334 1547 504 1623 permaneat
526 1543 660 1606 cadauer.
706 1541 746 1602 Ili
769 1542 920 1619 quianon
944 1541 1171 1622 intellexeruut,
1195 1559 1263 1603 eor-

224 1682 278 1740 pus
306 1680 365 1722 nou
395 1679 462 1722 esse
488 1659 655 1738 bominem,
690 1677 748 1719 non
782 1661 897 1723 minore
925 1677 997 1723 cura
1024 1659 1128 1737 dignos
1155 1665 1264 1738 putant

224 1783 361 1840 mortuos
383 1796 472 1858 quam
493 1779 586 1858 rivos,
608 1781 667 1838 imo
690 1779 801 1838 maiore
823 1779 925 1860 etiam,
948 1781 1095 1856 quatenus
1117 1777 1169 1838 illa
1190 1796 1264 1840 cura

224 1897 359 1975 quotidie
381 1898 476 1974 repeti
497 1901 607 1976 potest,
630 1896 694 1956 haec
716 1895 806 1956 semel
830 1895 956 1956 habetur
979 1897 1009 1956 iu
1032 1913 1119 1954 omne
1143 1865 1261 1974 tempus

223 2031 373 2076 mansura.
415 2013 519 2092 ltaque
542 2014 693 2094 ridemus,
716 2015 822 2074 domus
847 2014 973 2074 mortuis
999 2012 1261 2090 aedificatasesse,

222 2151 239 2194 a
260 2134 394 2193 vivorum
417 2132 574 2194 domiciliis
596 2150 631 2192 eo
652 2133 780 2220 maxime
796 2131 977 2212 differentes,
1001 2131 1080 2210 quod
1094 2131 1160 2192 luce
1175 2149 1261 2192 eare-

223 2254 299 2314 rent.
343 2249 405 2312 llas
431 2255 485 2312 aut
507 2253 685 2329 'supergesta
706 2253 785 2310 terra
807 2267 930 2328 prorsus
951 2249 989 2310 ab
1010 2249 1164 2326 homiuum
1186 2267 1259 2310 cou-

222 2373 327 2446 spectu
349 2372 498 2448 removet,
532 2372 584 2429 aut
610 2371 757 2430 excavatae
784 2368 868 2447 rupis
896 2367 973 2428 latus
995 2372 1097 2446 portas
1119 2366 1262 2446 lugubres

221 2486 352 2546 ostendit
373 2486 622 2563 pretereuntibus
644 2490 694 2558 (ut
716 2487 745 2546 in
758 2483 889 2564 AEgypto
908 2491 939 2546 et
949 2485 1085 2564 Etruria3
1107 2505 1136 2548 v.
1151 2485 1258 2547 Rosel-

222 2603 274 2666 lini
295 2601 344 2663 Μ.
372 2600 404 2664 G.
432 2603 490 2663 tab.
511 2598 551 2683 33
593 2579 928 2664 Monumeutalnedite
956 2602 1090 2664 instituti
1120 2603 1258 2682 Romani,

222 2721 301 2800 quod
312 2721 421 2782 dicitur
433 2717 531 2786 “della
543 2719 797 2799 Corrispondenza
811 2715 1053 2798 dreheologicad,
1077 2721 1136 2784 vol.
1149 2721 1175 2800 l,
1199 2721 1256 2784 tab.

219 2831 299 2898 litet
310 2834 387 2919 60);
410 2839 584 2918 plerumque
596 2844 787 2900 monumenta
798 2843 1003 2916 superstructa
1016 2837 1113 2900 locum
1126 2840 1258 2900 indicant

222 2957 279 3035 piae
299 2957 449 3016 memoriae
471 2961 676 3018 consecratum
704 2974 781 3019 esse.
837 2955 913 3031 Qum
940 2959 1040 3016 autem
1068 2959 1097 3019 in
1122 2957 1257 3021 vivorum

222 3053 379 3135 domiciliis
401 3075 553 3152 proposita
580 3074 713 3155 inerant,
748 3078 781 3135 ut
803 3077 834 3134 et
856 3079 920 3134 tuto
943 3078 973 3133 et
995 3075 1148 3136 commode
1170 3073 1258 3136 habi·

221 3195 352 3264 teretur,
385 3191 488 3252 eedem
511 3192 541 3250 in
562 3191 610 3252 bis
631 3169 827 3254 mortuorum.
871 3190 975 3270 ltaque
997 3191 1129 3272 AEgyptii
1152 3194 1259 3270 ingen-

170 3282 173 3288 *
220 3313 265 3368 tes
287 3312 403 3368 montes
424 3313 612 3386 excavarunt,
635 3313 697 3390 aut,
719 3310 805 3388 quasi
828 3326 885 3370 non
908 3313 987 3370 terra
1010 3317 1125 3372 montes
1147 3328 1257 3391 suppe-

221 3427 348 3506 ditaret,
382 3427 438 3506 ipsi
461 3425 653 3488 aedilicarunt.
698 3397 796 3488 Etiam
819 3428 946 3488 maiores
968 3430 1062 3488 nostri
1085 3428 1258 3506 ingentibus

220 3544 329 3605 coactis
351 3544 498 3622 lapidibus
520 3544 642 3608 cellulas
664 3549 716 3606 aut
737 3561 828 3623 supra
849 3548 958 3605 terram
971 3543 1257 3624 (“Steendysser”),
1282 3586 1285 3590 -

102 3647 106 3652 ’
219 3665 271 3722 aut
293 3661 368 3722 intra
390 3666 499 3724 terram
513 3662 611 3742 paullo
625 3664 752 3724 maiores
764 3661 1003 3741 [“Jettestuer’⁷)
1017 3668 1256 3724 construxerunt.

218 3780 341 3858 Antiqui
364 3763 463 3842 autem
484 3778 576 3844 ltaliae
604 3780 708 3842 incole
732 3781 868 3859 sepulcra
890 3784 942 3844 aut
964 3781 993 3840 in
1016 3781 1140 3859 rupibus
1162 3781 1258 3842 ineisa

251 4065 279 4129 *J
296 4077 317 4113 rr
336 4063 461 4114 Roselliui
480 4061 642 4113 Monumeuti
660 4065 719 4114 dell'
736 4064 828 4126 Egilio.
847 4066 918 4117 Mon.
938 4064 999 4116 Civil
1028 4065 1049 4123 l,
1070 4062 1258 4125 prat-llo.
