2888 4576
650 234 713 298 not

163 457 251 500 ansas
275 441 404 518 hahent,
438 441 554 526 quatem
580 432 755 502 οὐατόεντα
776 442 896 524 σκύφον
917 449 1130 504 commemorat
1151 442 1201 504 Si·

162 559 297 620 munides
319 577 365 638 op.
388 543 561 636 404448,
583 573 617 634 c3
651 555 688 618 ci.
709 553 791 636 500,
814 577 849 638 a3
882 577 908 620 v.
930 559 1019 622 Herc.
1042 565 1072 620 et
1095 560 1197 640 Pomp.

164 677 201 754 V,
225 672 281 755 173
309 675 406 754 Zoega
427 669 471 736 68
491 678 522 737 ei
543 671 594 736 72.

247 793 373 873 Propter
394 793 502 855 horum
523 793 748 854 similitudinem
772 801 853 856 recte
874 795 1197 859 arbitrorGerhardum
1220 845 1222 852 ,

160 913 291 992 scyphos
319 913 484 994 appellasse
517 930 621 990 magne
650 913 699 974 iiio
728 914 833 992 poculo
864 914 979 977 duabus
1007 915 1130 978 ourihus
1153 918 1197 978 in-

160 1036 289 1112 structa,
323 1049 389 1110 qum
416 1034 445 1092 io
473 1031 689 1109 antiquissimis
717 1033 918 1094 monumentis
945 1038 1005 1094 tam
1028 1032 1199 1112 frequenter

128 1199 131 1207 .
160 1157 339 1224 occurrunt,
374 1154 407 1210 ut
431 1151 460 1211 in
483 1151 612 1228 zophoro
635 1149 738 1228 tempii
763 1151 862 1229 Assii3
896 1151 926 1210 in
950 1151 1028 1212 vasis
1049 1153 1128 1231 picto
1150 1173 1197 1232 ap.

160 1268 253 1331 Geth.
287 1269 404 1331 huseri.
424 1269 552 1330 Vnsenh.
580 1267 610 1350 Ι,
632 1263 691 1346 59;
725 1267 850 1330 Cabinet
881 1268 1036 1331 Pourtaie's
1056 1265 1116 1351 34,
1138 1267 1198 1348 453

161 1387 314 1464 Miltingon
343 1385 468 1466 Coghih.
500 1383 638 1468 17,24,
660 1382 713 1448 43.
768 1387 861 1448 Recte
883 1388 1011 1466 scyphos
1033 1390 1197 1468 appellasse

160 1506 289 1603 videtur,
311 1523 387 1584 qnos
404 1505 524 1567 exhibet
536 1507 565 1566 in
578 1505 652 1584 Rap.
665 1523 714 1567 nn.
726 1499 870 1587 46-483
892 1506 951 1568 Uit.
965 1506 1001 1567 R.
1015 1502 1067 1586 24,
1079 1503 1132 1586 25,
1144 1503 1195 1568 47.

160 1624 273 1684 Eodem
282 1625 399 1686 videtur
410 1625 560 1702 pertinere
571 1623 641 1684 Pan.
659 1623 711 1704 lv,
722 1620 766 1683 50
776 1628 900 1703 propter
910 1624 1036 1704 Milting.
1051 1624 1143 1704 Cogh.
1155 1621 1197 1686 17

160 1738 255 1824 etus,
267 1761 446 1829 quamquam
460 1743 537 1803 iusto
549 1745 644 1806 maius
661 1747 707 1804 est
720 1761 780 1804 vas.
813 1740 974 1804 Panoihsm
986 1748 1085 1806 sutem
1100 1763 1197 1806 avem

160 1862 300 1922 ahcnroro
322 1865 405 1940 puio,
428 1862 507 1940 quod
518 1860 677 1943 povoiaoog
689 1861 820 1940 iocith,
841 1858 895 1941 63,
906 1857 960 1925 64.
983 1896 1024 1910 —
1046 1862 1196 1944 Scyphum

159 1982 226 2041 sino
247 1982 328 2042 susis
351 1985 384 2040 ut
405 1997 494 2058 supra
507 1981 634 2054 vidimus
655 1985 838 2060 argenteum,
862 1982 902 2041 ita
924 1980 1025 2042 fictilis
1046 1986 1199 2062 spectatur

160 2099 400 2176 elegantissimus
428 2117 475 2177 ap.
498 2097 645 2160 Sisckelb.
674 2096 762 2159 chb.
790 2099 819 2158 d.
846 2097 922 2158 fleu.
950 2094 1008 2177 333
1042 2098 1078 2162 cf.
1106 2073 1195 2160 Geth.

162 2217 219 2280 uu.
243 2216 278 2279 R.
310 2236 336 2280 n.
358 2211 411 2280 22.
465 2216 606 2285 Eiusdem
635 2219 753 2293 genonis
786 2220 855 2278 sunt
883 2217 977 2276 vitrea
1011 2217 1115 2294 poeuis
1149 2235 1195 2298 ap.

161 2333 368 2396 heckeniiati.
392 2335 449 2396 tab.
461 2330 493 2416 4,
518 2331 690 2412 nn.5et6‚
724 2338 754 2396 et
776 2353 842 2412 quae
870 2337 948 2414 picta
972 2339 1144 2412 spectentur
1165 2338 1194 2396 in

160 2455 274 2531 pariete
296 2452 475 2530 Pompeiano
499 2451 587 2514 Herc.
610 2458 641 2512 et
667 2451 768 2532 Pomp
789 2450 829 2533 11,
854 2446 914 2510 126
935 2458 965 2514 et
985 2447 1038 2514 83.
1084 2451 1196 2516 Similia

158 2569 283 2632 forsitan
306 2570 416 2632 inerint
437 2570 558 2631 modioli
582 2569 792 2633 Rornanorum.

245 2688 389 2766 Volgares
401 2689 503 2768 scyphi
515 2690 590 2767 pede
602 2693 770 2750 canuerunt.
815 2688 967 2750 Interdum
980 2695 1079 2772 autem
1092 2690 1195 2771 scyphi

160 2809 340 2869 conminus
367 2825 455 2889 quam
477 2807 628 2886 amphorae
655 2824 778 2868 ovorum
805 2809 934 2888 speciem
965 2808 1136 2870 aemulantes
1164 2810 1194 2868 in

159 2930 280 2986 acutum
302 2918 486 3004 desinebant,
521 2929 553 2986 ut
586 2927 642 2986 nisi
665 2927 740 3005 pede
761 2926 861 2986 oddito
884 2930 963 2986 stare
986 2943 1043 2984 non
1066 2930 1197 3004 possent.

159 3043 242 3104 Talia
274 3038 471 3128 docudtpca
502 3049 573 3105 sunt
605 3044 770 3124 sppeiiota,
803 3063 831 3105 y.
857 3043 965 3108 Athen.
990 3042 1050 3123 xl,
1072 3037 1146 3121 488,
1170 3042 1196 3122 [ς

158 3156 243 3235 503,
266 3181 293 3221 e.
336 3161 417 3222 idem
440 3162 614 3223 vocabulum
637 3164 855 3223 restituendum
879 3181 945 3222 esse
967 3162 1054 3221 credo
1077 3163 1107 3220 in
1131 3179 1197 3221 cor-

160 3285 250 3358 rupto
272 3281 337 3341 ioco
359 3275 433 3358 477,
457 3299 490 3354 e,
513 3280 562 3341 ubi
585 3281 747 3340 dthonaeus
769 3281 805 3340 de
828 3279 949 3340 ciboriis
971 3278 1053 3360 τάχα
1076 3279 1118 3344 civ
1138 3282 1196 3362 εἴη,

160 3401 268 3476 inquit,
300 3395 339 3461 cd
361 3398 524 3480 λεγόμενα
546 3395 673 3481 exopta,
707 3393 763 3461 did
788 3393 823 3462 cd
845 3394 996 3462 κάτώθεν
1018 3397 1063 3474 εἰς
1085 3394 1197 3463 στενὸν

157 3517 335 3600 συνῆχθαι,
362 3512 410 3592 ὥς
442 3512 482 3581 ταὶ
509 3515 675 3597 Αἰγύπτια
702 3515 844 3598 κιβώρια.
888 3515 1015 3579 Videtur
1040 3515 1196 3592 legendum

159 3631 200 3697 cd
213 3636 372 3715 λεγόμενα
383 3629 559 3718 ὦοσκύφια·
582 3636 731 3714 quomodo
749 3637 828 3694 enim
847 3634 919 3694 illud
942 3634 1016 3711 “qui
1040 3634 1197 3694 dicuntur”

159 3753 281 3832 scyphis
303 3754 372 3813 addi
393 3755 509 3832 potuit,
542 3754 649 3832 quihus
671 3754 744 3814 nihii
769 3753 867 3813 notius
890 3752 979 3812 crat?
1025 3751 1116 3812 Recte
1139 3750 1196 3812 Po·

160 3869 249 3930 noika
274 3871 308 3944 V,
333 3867 395 3930 103
416 3871 540 3932 formam
562 3870 716 3950 oosoyphii
739 3872 884 3950 ostendit,
918 3889 1096 3949 quamquem
1118 3872 1196 3931 maie
1296 3903 1298 3908 .
1412 3875 1413 3878 ’

159 3989 195 4050 ad
219 4008 274 4050 ovo
298 3989 467 4069 recipiendo
491 4009 525 4050 ea
548 3990 622 4052 iacis
650 4008 718 4051 esse
740 3996 841 4068 putat3
876 4008 945 4050 vern
967 3990 1071 4068 pocuia
1095 3989 1196 4065 inisse,

158 4087 342 4168 demonstrat
365 4107 464 4169 tabula
489 4111 517 4168 in
541 4109 628 4170 Herc.
652 4115 681 4168 st
706 4109 806 4188 Pomp.
830 4101 931 4184 11‚83.
976 4109 1041 4168 dtis
1063 4109 1196 4184 exempta
