2876 4580
161 477 219 552 ait,
257 475 335 536 hunc
364 477 425 534 tarn
454 471 569 534 lortiter
598 471 730 533 hihacem
760 472 807 532 rix
836 477 896 532 tam
923 475 1006 550 segni
1033 479 1065 534 et
1088 469 1200 534 dillicili

159 593 280 654 ratione
311 591 431 652 hlhendi
465 607 589 651 usurum
622 587 717 653 luisse
749 588 858 668 (“elne
890 607 925 651 so
958 589 1108 669 lanaeume
1140 591 1201 652 und

159 711 348 788 langweilige
368 706 558 789 Methode”);
581 709 666 786 quasi
689 725 748 768 non
770 708 827 769 hoc
849 709 968 769 demum
989 710 1067 770 acris
1089 709 1201 786 potoris

157 830 210 907 sit,
235 846 296 890 non
320 847 356 890 ex
378 826 504 907 poculis,
527 825 580 886 sed
602 843 638 885 ex
659 827 725 903 ipsa
747 825 851 905 lagena
872 825 984 888 hibere.
1018 826 1098 902 Quid
1120 825 1201 905 quod

159 947 254 1007 etiam
287 946 419 1023 leporem
457 943 604 1022 quendum
633 946 778 1023 spectavit
804 947 890 1022 poeta
920 945 950 1004 in
979 945 1201 1024 comparatione

159 1063 327 1143 clepsydrm
349 1068 380 1124 et
401 1063 493 1142 rhyti‚
515 1061 730 1144 κρουνίζονως
751 1063 921 1140 utriusque.
958 1062 1094 1123 Alterum
1115 1061 1202 1122 alieri

158 1181 196 1245 V.
209 1182 246 1246 D.
260 1185 466 1260 argumentum
479 1181 601 1241 minime
614 1195 647 1242 se
660 1180 797 1258 dignum:
821 1181 850 1240 in
865 1183 947 1240 muto
961 1198 1083 1242 numero
1097 1179 1199 1241 talium

158 1317 321 1381 rasorum,
354 1317 421 1377 quae
450 1298 486 1358 ad
513 1315 569 1357 nos
597 1299 804 1376 pervenerint,
838 1297 996 1359 admodum
1018 1315 1112 1376 pauca
1133 1315 1200 1358 esse

159 1417 332 1500 perlorata3
366 1417 451 1496 quasi
475 1417 675 1494 accessesit,
698 1433 766 1495 quae
788 1417 881 1476 nostri
904 1417 1047 1494 temporis
1068 1415 1198 1476 archaeo·

157 1536 220 1620 logi
251 1537 338 1614 rhyta
365 1535 550 1612 vocaverint,
591 1551 626 1594 ea
654 1533 793 1612 antiquos
821 1533 925 1594 eodem
949 1533 1068 1594 nomine
1096 1531 1199 1611 appel·

158 1653 258 1734 lasse,
300 1657 353 1714 aut
379 1654 464 1731 qnasi
494 1656 553 1713 lam
580 1650 720 1729 lreqnms
746 1653 786 1712 sit
808 1652 919 1712 mentio
941 1651 1098 1730 rhytmum
1120 1650 1199 1728 apud

156 1773 317 1852 antiquos,
351 1773 384 1831 ut
411 1769 476 1830 lieri
500 1787 559 1830 non
581 1770 729 1852 potnerit,
763 1771 834 1850 quin
858 1769 951 1830 multa
972 1771 1062 1830 etiam
1084 1768 1122 1830 ad
1146 1785 1199 1828 nos

156 1890 366 1968 pervenirent:
400 1887 479 1966 quod
501 1891 605 1948 contra
627 1891 693 1967 est3
726 1889 798 1966 quin
820 1905 856 1950 eo
879 1892 1029 1968 tempore,
1052 1905 1112 1966 quo
1136 1888 1199 1948 hanc

156 2005 265 2068 fictilia
286 2006 362 2067 iacta
384 2006 539 2084 videntur,
563 2003 687 2066 iortasse
710 2021 874 2066 nonomen
897 2005 1017 2084 quidem
1038 2004 1197 2069 habehant.

156 2095 251 2202 Quod
273 2129 373 2185 autem
397 2123 480 2200 dicit,
514 2125 544 2182 in
566 2122 685 2200 seriptis
706 2123 837 2198 antiquis
858 2120 952 2205 ῥιηόν
972 2126 1003 2182 et
1024 2125 1121 2204 κέρας
1141 2121 1199 2182 dil-

156 2239 278 2302 liculter
299 2242 446 2322 discerni,
477 2244 509 2303 ct
531 2239 714 2302 Lctronnius
736 2239 912 2319 simpliciter
932 2237 1075 2317 ailirmal,
1108 2257 1199 2319 syno-

158 2377 250 2439 nyma
282 2377 366 2435 esse,
399 2377 489 2440 snpra
521 2360 649 2420 vidimus
681 2375 749 2419 esse
780 2356 897 2420 ialsnnr.
953 2355 1050 2418 Unum
1072 2355 1199 2416 afferunt

5 2441 6 2468 Ξ
94 2534 98 2540 ,
158 2477 297 2538 Athenaei
318 2479 418 2538 locum
439 2473 520 2552 476,
553 2476 589 2539 b:
623 2473 770 2558 διαμένει
797 2473 840 2539 δὲ’
861 2476 917 2538 acal
943 2471 989 2538 ἔτι
1016 2474 1074 2538 νῦν
1093 2468 1113 2558 ἢ
1135 2474 1199 2538 miv

158 2580 307 2677 sepulcrm
327 2593 513 2679 κατασκενή·
535 2593 667 2659 καλοῦσι
688 2595 765 2676 γοῦν
783 2593 863 2661 ἔνιοι
878 2596 977 2659 ταῦτα
993 2591 1081 2680 ῥυτά.
1110 2591 1198 2654 Com·

159 2717 306 2773 memorat
318 2714 529 2790 grammaticus
540 2712 719 2791 peculiarem
731 2713 898 2792 aliquorum
910 2713 1063 2773 hominum
1081 2711 1196 2771 dicendi

160 2832 319 2909 rationem,
341 2831 442 2892 nivel
463 2831 513 2892 hic
534 2831 617 2892 locus
640 2833 741 2909 potius
762 2849 779 2892 a
802 2818 953 2911 coniecit,
977 2847 1065 2908 quam
1081 2831 1195 2889 contra.
1287 2905 1293 2916 Ι

247 2947 335 3026 Quod
364 2949 613 3010 animadverterat
633 2948 856 3027 Theophrastus
884 2967 930 3026 ap.
959 2947 1031 3008 Ath.
1057 2941 1138 3025 497,
1168 2963 1197 3024 e,

156 3067 340 3144 repetiitqne
362 3064 527 3144 discipulus
547 3069 612 3126 eius
635 3065 803 3128 Charneleo
824 3065 896 3126 ihid.
918 3059 1000 3143 461,
1029 3063 1063 3141 h,
1097 3064 1192 3140 picto·

159 3199 210 3244 res
242 3182 385 3244 heroibus
419 3184 491 3244 solis
523 3185 708 3244 concessisse
740 3183 844 3264 rhyta,
878 3184 908 3243 in
937 3184 974 3243 iis
1000 3183 1074 3242 artis
1096 3181 1196 3260 operi-

158 3302 226 3378 bns,
250 3319 317 3378 qum
339 3302 376 3361 ad
399 3318 453 3361 nos
474 3305 683 3380 pervenerunt,
707 3319 765 3361 non
787 3306 834 3362 est
855 3303 907 3362 ita.
951 3299 1093 3360 Videmus
1114 3303 1196 3376 saty-

159 3435 211 3478 ros
240 3418 436 3496 hominesque
464 3435 500 3478 er
528 3419 637 3498 rhytiis
666 3417 801 3479 hibentes
829 3417 923 3490 (Mus.
946 3414 1015 3478 PCl.
1038 3413 1081 3492 V,
1115 3410 1194 3492 1003

158 3533 248 3595 llere.
270 3540 301 3596 et
328 3535 432 3614 Pomp.
462 3533 505 3612 ΙΙ,
534 3531 609 3612 20),
642 3537 732 3596 etiam
761 3535 909 3595 Bacchum
937 3530 1059 3608 (Millin.
1087 3529 1195 3593 Monu-

158 3657 255 3712 menh
277 3654 414 3730 antiques
437 3653 545 3713 inediis
566 3651 596 3726 1,
623 3646 683 3733 21,
706 3651 757 3711 uhi
780 3648 912 3728 rhytinm
934 3647 1113 3724 singularem
1135 3649 1194 3710 lor-

157 3785 236 3829 mam
258 3769 384 3850 hehet);
427 3770 564 3839 videmus
586 3789 623 3831 ex
643 3769 750 3848 rhytiis
771 3766 927 3828 fundentes
948 3767 1049 3826 vinnm
1071 3768 1101 3827 in
1124 3785 1195 3830 can·

159 3886 260 3946 theros
274 3887 379 3960 (Herc.
391 3889 422 3948 ct
432 3886 536 3965 Pomp.
558 3887 610 3965 lv,
634 3882 698 3967 14),
721 3888 750 3947 in
773 3889 891 3964 pateras
913 3883 1052 3958 (Becher.
1065 3883 1193 3948 Charicl.

158 4003 216 4066 tab.
237 3999 276 4083 3,
306 4000 341 4081 13
369 4004 492 4066 Hercul.
515 4008 545 4065 et
567 4000 669 4086 Pomp.
692 4006 735 4086 V,
765 4001 843 4084 101,
869 3999 962 4086 102),
997 4009 1026 4066 in
1048 4005 1193 4076 calathos,
1235 4049 1236 4052 η
