2876 4580
662 223 706 288 ts

166 427 227 512 74,
250 423 328 512 1833
352 429 440 492 Hom.
453 428 488 492 ΙΙ.
500 439 539 512 ψ,
561 424 635 491 17οε
655 427 849 510 pttrmaaoet
863 425 1039 516 ἀλείφατος
1053 429 1203 518 ἀμφιφο-

166 551 272 634 ρῆας),
294 551 419 611 mnrium
432 545 671 628 (Martiat.thi,
699 541 786 626 103),
809 548 876 612 atio.
898 548 1041 612 Videmus
1051 552 1129 630 apud
1141 552 1204 613 flo-

167 686 294 744 merum,
316 666 526 728 Telemachum
548 665 718 746 erithrea,
741 667 855 728 Ulixem
878 686 914 728 ex
931 665 1091 730 Ciconibos
1113 669 1204 748 profi-

166 788 314 846 oiseentes
336 786 439 847 iubere
461 785 553 850 otvor
572 781 609 847 dv
630 779 868 869 ἀμφιφορεῦσιν
889 780 1046 870 dudonem
1075 785 1150 865 (Od.
1172 789 1204 870 β,

166 899 242 981 290,
264 899 346 983 349,
367 899 449 983 3793
471 928 502 981 r,
526 897 600 980 164,
624 897 711 976 204).
754 903 853 966 Etiam
875 905 952 983 apud
974 904 1203 984 Aristophanem

166 1023 420 1112 irequenensus3
441 1040 469 1083 r.
492 1020 572 1083 Piut.
592 1015 673 1100 8083
695 1021 777 1084 Eeei.
800 1018 894 1103 1110,
916 1022 995 1086 Nub.
1020 1018 1119 1088 1203:
1142 1018 1202 1106 ἄμ·

166 1143 268 1225 φορῆς
287 1143 474 1225 νενησμένοι
479 1167 491 1218 ,·
514 1139 580 1200 Pae.
601 1134 676 1221 202,
700 1139 751 1201 nbi
765 1139 934 1202 Mercurius
951 1141 1081 1202 Deorum
1103 1142 1205 1220 supet-

167 1255 479 1322 iectitomenumerat:
499 1255 642 1341 χυτρίδια
658 1261 713 1322 καὶ
733 1257 864 1325 σανίδια
886 1254 1112 1344 κᾶμφορείδνα.
1145 1258 1203 1320 Ρο-

167 1379 295 1439 steriors
317 1381 450 1455 tempore
472 1379 584 1438 rariora
606 1376 741 1455 prebent
763 1376 913 1456 exempta,
949 1395 1004 1438 neo
1026 1382 1124 1438 tamen
1147 1377 1203 1437 du-

45 1533 49 1539 ·
167 1495 317 1575 nitamur,
338 1496 410 1573 quin
433 1496 463 1555 in
486 1511 543 1555 usn
564 1496 761 1576 permanserit
782 1495 845 1556 hare
868 1511 943 1572 ror,
965 1496 1093 1556 maxime
1114 1511 1204 1573 prop-

168 1619 215 1674 ter
236 1612 359 1674 Latinos
383 1595 553 1690 scriptores.

254 1730 413 1809 Novimus,
446 1731 618 1810 amphoram
640 1749 787 1794 mensura
810 1751 916 1793 nomon
940 1730 1048 1808 inisse,
1082 1735 1112 1792 et
1133 1735 1203 1792 neto

167 1851 290 1929 congios
319 1851 451 1929 cepisse,
485 1866 663 1928 quemquam
696 1853 748 1930 qni
782 1850 940 1929 amphoras
972 1849 1203 1926 fabricabantur,

169 1969 250 2031 nulio
273 1968 360 2028 modo
382 1968 459 2028 hane
481 1969 713 2046 magnitudinem
736 1973 909 2030 constanter
930 1968 1098 2031 servabant.
1133 1967 1203 2029 Fie-

167 2088 240 2148 bant
260 2085 324 2146 iere
344 2102 464 2163 semper
484 2104 521 2146 ex
542 2086 662 2166 argilla,
691 2104 870 2165 quamquam
893 2104 952 2146 non
974 2088 1083 2148 desunt
1104 2103 1205 2148 exem·

166 2206 215 2284 pla
237 2204 423 2284 pretiosioris
445 2204 587 2264 materiae.
615 2203 744 2265 Auream
767 2204 902 2265 ridemus
924 2223 971 2283 ap.
994 2202 1083 2264 Hom.
1106 2202 1141 2264 ii.
1164 2213 1203 2284 ψ,

166 2318 228 2406 92,
270 2339 379 2384 aeneas
409 2339 455 2402 ap.
482 2320 582 2385 Sehoi.
603 2323 639 2384 ad
662 2321 747 2386 Pind.
769 2317 855 2384 Nem.
878 2319 925 2403 X,
957 2316 1010 2384 67.
1062 2320 1203 2400 Lapidem

166 2443 250 2521 aiiae,
284 2444 318 2501 nt
339 2440 497 2518 onychina
518 2459 565 2519 ap.
588 2441 664 2505 Ptin.
687 2439 841 2522 xxxv1,
863 2439 896 2504 S.
919 2434 976 2521 12,
999 2442 1022 2516 9
1042 2434 1102 2520 59;
1148 2426 1203 2500 nee

166 2578 270 2641 paueae
292 2560 329 2620 ad
352 2577 406 2620 nos
428 2566 638 2642 pervenerunt,
661 2579 689 2624 v.
711 2560 839 2642 tinnient
858 2557 988 2622 hdarbIes
1010 2557 1042 2620 oi
1062 2557 1113 2619 tire
1135 2555 1202 2618 Bri·

166 2679 229 2741 tieh
251 2677 389 2739 Musenm
411 2678 479 2741 Vol.
501 2677 556 2760 ix,
578 2679 637 2741 tab.
661 2675 714 2742 42.
993 2755 999 2764 ,

252 2795 389 2858 Formam
411 2795 560 2876 amphoris
582 2815 688 2858 nomon
706 2800 803 2877 ipsum
818 2798 940 2876 indicat,
962 2800 993 2857 et
1008 2799 1090 2857 reete
1108 2793 1204 2872 oxpii-

167 2920 254 2978 oatur
278 2914 317 2976 ab
344 2913 488 2976 Atheneo
518 2913 590 2995 (xi,
617 2911 700 2990 eol,
735 2921 765 2988 a)
799 2917 926 2993 aliisque
958 2907 1205 2998 α’μφνφορεύςὸ

166 3031 372 3116 ἑκατέρωθεν
404 3027 488 3096 κατὰ
512 3029 559 3095 'rot
590 3028 657 3097 adra
690 3031 868 3114 δυνάμενος
894 3033 1068 3115 φέρεσθαι.
1111 3029 1203 3092 Piero

167 3153 393 3232 conspiciuntur
420 3156 452 3212 et
479 3152 510 3211 in
539 3153 667 3213 reseniis
697 3154 748 3231 (ut
775 3149 922 3213 Staoheib.
945 3148 1057 3209 Graber
1078 3147 1107 3210 d.
1129 3147 1203 3208 Hei·

167 3272 254 3334 tenen
285 3269 345 3330 tab.
372 3264 429 3342 25)
457 3274 488 3330 ot
516 3271 546 3330 in
575 3269 739 3361 parietibus
765 3275 808 3342 (r.
835 3268 951 3330 Kaiser.
980 3266 1017 3328 Η.
1049 3285 1079 3328 u.
1108 3264 1140 3328 P.
1164 3263 1202 3344 ΙΙ,

170 3361 234 3449 120
244 3391 276 3449 et
286 3387 338 3462 iv,
359 3382 414 3461 22,
437 3387 488 3450 ubi
510 3388 643 3450 navicula
666 3391 710 3447 est
732 3379 942 3464 amphorarum
965 3384 1201 3464 ptenapvquu-

166 3511 288 3591 μένων,
320 3510 354 3566 ut
380 3507 423 3568 ait
449 3507 603 3585 Aristoph.
631 3506 652 3568 t.
680 3505 701 3566 i.
727 3503 971 3581 Vulgatissimum
992 3500 1049 3561 hoe
1070 3504 1118 3559 est
1139 3517 1203 3560 am-

167 3627 330 3706 phoramm
358 3642 468 3702 genus,
507 3623 581 3685 inira
611 3625 641 3684 in
678 3625 798 3683 acutum
835 3619 971 3680 desinens
1002 3621 1044 3692 (v.
1073 3616 1144 3677 Pan.
1172 3616 1201 3698 1,

167 3739 224 3822 5),
258 3742 338 3821 quod
372 3746 424 3804 aut
459 3744 489 3804 in
524 3746 633 3803 terram
665 3737 872 3801 defodiendum
904 3739 985 3817 erat,
1017 3740 1070 3798 ant
1103 3737 1129 3797 ai
1164 3737 1201 3798 ad

168 3861 371 3922 conviviorum
406 3877 495 3921 nsum
526 3857 737 3935 adhibebatur,
771 3855 880 3935 tripodi
913 3855 1124 3933 imponendum
1157 3860 1202 3931 (r.

169 3977 279 4041 bibitor
291 3977 417 4040 Denhm.
438 3977 463 4057 Ι,
486 3973 571 4049 nb).
602 3976 690 4039 Tales
712 3994 844 4056 persepe
866 3974 922 4037 sub
944 3979 1022 4038 terra
1044 3976 1201 4037 inveniun-

167 4102 234 4171 tur,
266 4095 314 4157 vet
338 4113 375 4156 ex
397 4095 462 4157 rudi
484 4094 605 4175 argitis,
638 4094 684 4156 rol
712 4099 747 4156 ut
774 4094 902 4155 diximus
930 4111 967 4154 er
988 4091 1085 4170 tapide
1106 4091 1200 4152 iaotae.
