2888 4576
700 211 745 278 ὦ

607 306 829 318 q——nn—n-

201 419 313 480 bibisse
334 420 474 498 antiquos
496 415 532 482 ἒκ
550 419 686 500 χυτρῶν,
708 412 754 476 tel
777 420 877 495 potius
900 417 934 481 ds
953 420 1120 503 χυτρίδων,
1154 426 1238 484 novi·

200 555 267 600 mus
289 555 326 598 ex
347 537 492 599 Herodot.
521 537 563 616 V,
583 528 644 612 88,
678 536 729 613 qui
751 535 847 612 legem
869 537 955 598 alieri
982 540 1174 617 Argivorum:
1204 540 1239 603 ἐκ

198 653 351 738 χυτρίδων
372 653 565 738 ἐπιχωριέων
584 650 619 718 τὸ
641 649 758 724 λοιπδυ
778 655 900 730 πίνειν,
932 660 964 716 et
991 675 1027 716 ex
1056 657 1180 719 Alexide
1208 665 1240 719 et

201 772 353 852 Meleagro
380 774 418 836 ab
444 773 516 836 Aah.
543 768 626 850 502,
658 773 728 834 bet
751 791 776 833 ο.
804 775 913 834 citatis.
967 773 1030 836 Neo
1057 776 1238 852 dubitamus,

200 893 273 970 quin
296 893 326 951 in
349 892 511 952 maioribus
525 890 654 974 χύτραις
666 890 745 971 puls,
768 891 926 972 legumina,
949 892 1006 953 alia
1023 892 1134 955 cibaria
1148 913 1240 974 appo-

200 1012 259 1071 sita
280 1007 409 1089 luerint3
454 1028 633 1090 quamquam
664 1009 778 1071 nullum
807 1009 951 1069 disertum
973 1010 1063 1073 huius
1084 1013 1128 1072 rei
1152 1014 1240 1073 testi·

202 1130 437 1207 moniumextat,
461 1129 517 1188 nisi
536 1127 613 1189 lorte
635 1127 665 1187 in
687 1129 838 1188 mentione
860 1128 936 1188 sacri
961 1129 1116 1190 cuiusdam
1138 1131 1239 1193 moris.

284 1245 380 1307 Erant
400 1248 480 1306 enim
502 1249 536 1308 ut
557 1250 679 1324 penates
701 1246 779 1324 apud
803 1245 970 1324 Romanos,
993 1248 1033 1326 ita
1056 1249 1134 1325 apud
1156 1246 1238 1309 Grae·

199 1366 304 1426 cosin
327 1365 539 1443 qrravisdomo
565 1358 643 1440 Διὸς
663 1358 825 1446 Ἕρκείου,
858 1366 1004 1447 Κτησίου,
1041 1365 1165 1427 aliorum
1195 1368 1238 1426 rei

200 1481 357 1544 familiaris
379 1481 539 1561 praesidum
560 1482 703 1560 neonrm,
726 1486 759 1542 ut
775 1480 854 1542 Pluti
871 1500 919 1561 ap.
939 1483 1092 1561 Aristoph.
1105 1501 1132 1545 v.
1148 1479 1239 1561 1197,

200 1600 359 1662 simulacra
387 1601 488 1676 rudia,
520 1598 698 1678 plerumque
720 1600 890 1660 hermarum
911 1601 1022 1678 specie.
1077 1601 1132 1662 His
1153 1603 1239 1678 quasi

201 1717 392 1780 interioribus
405 1719 468 1780 iliis
490 1735 573 1779 sacra
596 1717 707 1780 fiebant
729 1736 787 1778 non
810 1719 969 1780 admodum
990 1719 1164 1798 magnifica,
1186 1720 1238 1780 sed

200 1836 337 1896 emedio
359 1835 447 1898 domo
469 1841 500 1898 et
523 1855 559 1897 ex
582 1837 648 1915 ipso
668 1836 735 1900 loeo
758 1839 861 1916 petita,
894 1856 961 1917 quae
983 1839 1072 1901 etiam
1094 1855 1239 1917 pauperes

200 1953 300 2016 lacere
321 1958 453 2033 possent.
504 1954 537 2016 ln
560 1957 784 2016 consecratione
805 1953 958 2036 (ἱδρύσει)
979 1957 1087 2018 horum
1108 1956 1239 2017 Deorum

199 2073 379 2150 inmiserat,
403 2075 436 2132 ut
460 2090 551 2151 quum
573 2073 648 2134 ollas
668 2073 818 2133 suxissent
840 2074 941 2150 pultis,
963 2074 1145 2151 leguminum
1166 2074 1240 2134 alin·

201 2209 305 2252 rumve
326 2208 444 2267 rerumq
468 2207 579 2268 easque
604 2191 720 2252 solenni
743 2208 850 2269 pompa
877 2195 1060 2268 gestuosam,
1094 2192 1239 2268 primitias

201 2309 390 2370 dedicarent:
423 2310 559 2390 ἕψοντες
580 2306 701 2391 ὄσπρια
724 2305 904 2392 ἀπήρχοντο
926 2309 1060 2384 τούτων,
1073 2320 1136 2383 τοῖς
1157 2303 1238 2392 α’φι-

200 2423 366 2508 δρυμένοις
396 2425 584 2510 χαριστήρια
616 2423 833 2508 ἀπονέμοντες
865 2427 917 2510 τῆς
953 2427 1078 2510 πρώτης
1106 2424 1238 2508 διαίτης.

199 2543 302 2606 8υ1101.
324 2544 360 2604 ad
383 2543 434 2608 Ar.
457 2544 526 2608 Paa.
548 2539 628 2623 923,
660 2543 741 2606 Plut.
763 2540 855 2608 1197.
910 2545 1024 2606 Praeter
1044 2547 1100 2607 hos
1122 2545 1238 2606 Aristo·

199 2662 306 2740 phanis
327 2662 408 2722 locos
430 2664 523 2724 citant
544 2665 635 2724 etiam
657 2681 762 2724 versus
783 2682 820 2724 ex
842 2664 975 2725 eiusdem
998 2664 1194 2727 Danaidibus:

283 2779 483 2863 μαρτύρομαι
504 2779 541 2843 δὲ
563 2776 667 2865 Ζηνδς
684 2778 827 2861 Ἑρκείου
846 2780 969 2864 χύτρας,

284 2893 364 2980 μεθ’
382 2891 428 2962 aiv
450 2893 469 2962 δ
489 2895 594 2982 ,δωμὸς
617 2893 708 2974 ούτος
728 2896 848 2982 ἱδρύθη
864 2903 953 2963 ποτέ.

201 3015 266 3078 Eua
277 3017 408 3095 pertinet
418 3018 508 3078 etlam
519 3026 573 3079 Av.
584 3013 643 3093 43,
666 3019 715 3080 ubi
729 3018 923 3080 Pisthetaerus
933 3022 964 3078 et
975 3017 1135 3097 Euelpides
1147 3034 1238 3078 novas

198 3134 287 3196 sedes
304 3140 471 3213 querentes
487 3142 633 3213 vagantur
649 3137 769 3202 κανοῦν
783 3135 889 3219 ἔχοντε
900 3139 954 3199 καὶ
962 3133 1082 3218 χύτραν
1093 3138 1148 3198 καὶ
1158 3156 1237 3218 μυρ-

200 3255 301 3333 ρίνας.
324 3251 579 3314 Commemoratur
591 3255 694 3314 eadem
707 3273 755 3315 res
766 3249 1103 3334 apudlith.lll‚473‚c‚
1118 3252 1239 3314 ubida-

203 3371 321 3432 tialides
343 3372 478 3450 praecipit
498 3369 638 3456 καδίσκῳ
661 3389 736 3432 novo
759 3373 903 3433 utendum
924 3389 1008 3449 esse,
1031 3371 1067 3430 de
1090 3371 1156 3431 ollis
1179 3389 1236 3430 nou

200 3489 352 3568 loquitur3
386 3507 566 3568 quamquam
589 3494 672 3551 totus
695 3490 777 3550 locus
800 3491 907 3550 misere
930 3492 1088 3566 corruptus
1110 3488 1236 3548 videtur.

199 3606 316 3670 Sanctae
338 3612 423 3668 eraut
445 3608 491 3668 hm
513 3608 579 3668 ollae
601 3613 632 3668 et
654 3608 816 3684 religiosa,
849 3624 942 3684 quare
968 3607 997 3668 in
1021 3606 1071 3668 Ar.
1093 3605 1150 3668 Ar.
1171 3601 1236 3666 357

199 3743 265 3804 sqq.
288 3725 433 3803 homiues,
457 3725 659 3787 adorientibus
681 3725 795 3805 avibus,
818 3726 944 3804 primum
967 3725 1099 3785 omnium
1121 3741 1236 3786 sacram

199 3839 287 3903 ollam
310 3843 367 3903 sibi
389 3846 588 3922 pretendunt,
610 3845 652 3904 ita
673 3842 777 3904 conlisi
796 3847 935 3904 noctuam
956 3842 1073 3916 saltem,
1095 3843 1236 3906 Minervoe

199 3964 332 4022 sanctam
353 3979 448 4040 avom,
475 3981 508 4022 se
531 3980 589 4022 non
622 3980 830 4040 aggressuram
858 3976 942 4040 ουτος
985 3981 1019 4023 ao
1049 3981 1087 4023 ne
1109 3965 1235 4024 induciis

200 4079 321 4157 quidem
343 4079 428 4140 lactis
449 4081 566 4158 lougius
588 4083 624 4142 ab
646 4082 703 4143 olla
726 4083 879 4143 discedere
901 4082 1011 4142 audent
1034 4099 1059 4142 v.
1081 4077 1155 4141 391.
