2876 4580
712 219 758 284 62

141 427 144 437 ’
207 425 398 505 ,Ροτίεἱοοείο
408 423 554 504 Epitumu
564 426 669 508 κέρας,
692 427 771 488 unde
788 421 828 510 dp*
843 427 938 508 τέρας
948 423 1083 488 lecerunt
1097 425 1166 488 edd.
1177 427 1258 491 antl-

220 562 302 626 quae3
316 545 465 624 posterior
479 543 562 605 loeus
577 545 605 604 io
618 543 759 622 Epitome
772 546 902 606 omissus
922 549 978 606 eat.
1010 544 1095 606 Falsa
1110 563 1178 608 esse
1190 561 1258 625 quae

218 663 307 740 vulgo
329 663 483 740 leguntur,
516 663 662 740 imprimis
690 662 795 742 probat
822 663 895 724 illud
922 661 959 726 δὲ
981 665 1010 724 in
1032 664 1160 726 medinm
1182 681 1257 724 sen-

133 820 136 826 ·
218 783 340 844 tentiam
362 782 532 860 importune
553 780 682 862 illatum3
725 786 867 862 reeteque
894 782 953 843 iam
973 781 1136 844 llramerus
1157 783 1260 861 suspi-

218 870 390 974 natusest,
423 898 611 960 scribendum
640 917 706 960 esse
734 897 873 982 δίκερας.
929 899 987 960 Sed
1010 919 1047 960 ne
1068 900 1112 960 sio
1133 901 1256 978 quidem

217 1019 301 1080 locus
328 1035 418 1078 sanus
445 1021 508 1097 est3
552 1035 619 1080 nam
648 1019 788 1095 repetitio
816 1021 873 1079 ista
901 1017 1035 1081 eiusdem
1054 1019 1134 1078 rasis
1156 1015 1254 1089 (δικέ-

216 1143 342 1219 ρατος),
374 1135 457 1197 nullo
490 1135 580 1196 verbo
606 1138 817 1215 ,repetitionem
839 1137 999 1213 indicante,
1022 1139 1056 1195 ut
1076 1134 1180 1198 nullm
1201 1139 1256 1196 aut

215 1256 313 1317 simile
334 1254 416 1334 qnid,
440 1253 511 1315 lerri
534 1271 591 1315 uon
614 1258 723 1334 potest.
758 1253 906 1317 Praelerer
929 1251 975 1327 δὲ,
996 1251 1075 1331 quod
1098 1254 1129 1313 in
1151 1257 1255 1333 poste·

216 1375 296 1434 riore
317 1373 463 1434 sententia
487 1372 633 1452 abundat,
667 1375 697 1432 iu
719 1374 820 1451 priore
840 1371 1039 1434 desideratur.
1088 1369 1175 1432 Patet
1197 1372 1254 1448 igi·

216 1497 280 1570 tur,
314 1491 504 1552 scribendum
534 1481 666 1554 esse...
689 1485 739 1553 ἐπ’
760 1488 862 1555 ἄλλον
883 1487 920 1552 δὲ
940 1491 1036 1572 κέρας
1054 1487 1252 1571 χρυσοῦν...

144 1667 148 1673 .
214 1612 269 1674 καὶ
290 1605 340 1674 ἐπ’
360 1607 463 1674 ἄλλον
483 1607 611 1691 δίκερας
631 1601 814 1691 ὁλόχρυσον.
863 1607 909 1668 lta
932 1626 990 1667 nou
1012 1607 1109 1668 solnm
1130 1610 1252 1668 seuten-

215 1730 323 1789 tiarum
345 1744 439 1788 nexus
461 1730 548 1806 aptus
574 1725 719 1805 allicitur,
751 1727 804 1787 sed
832 1728 922 1787 etiam
948 1743 1065 1804 pompae
1091 1725 1165 1786 ordo
1192 1726 1252 1786 rite

215 1845 365 1924 proredit3
408 1844 562 1904 adscendit
589 1845 669 1904 enlm
698 1862 717 1905 a
744 1833 858 1904 minore
886 1843 923 1904 ad
950 1844 1063 1921 maius,
1098 1846 1189 1920 atque
1216 1847 1252 1904 ut

213 1960 356 2044 στεφάνη
387 1962 485 2022 minor
516 1964 562 2022 est
595 1980 685 2040 quam
717 1965 877 2046 στέφανος
903 1965 935 2022 et
962 1961 1047 2041 quasi
1076 1961 1252 2022 dimidiatam

213 2082 385 2163 orepavor,
421 2081 524 2141 eadem
546 2080 624 2142 ratio
646 2079 724 2140 inter
743 2081 840 2161 κέρας
860 2083 891 2139 et
912 2076 1042 2161 δίκερας
1062 2079 1252 2142 intercedere

211 2199 307 2262 debet.

269 2335 270 2338 ¹
295 2316 341 2377 De
362 2315 493 2378 dinerate
515 2333 542 2379 v.
563 2313 681 2378 Mllller.
702 2315 794 2377 Aroh.
816 2318 838 2392 ς
859 2309 933 2398 436,
957 2319 1019 2397 unt.
1040 2310 1080 2395 43
1123 2312 1248 2376 terrm.

150 2506 152 2510 ¹
211 2435 338 2514 Ephem.
359 2435 409 2496 Er.
434 2425 527 2514 1833,
550 2453 577 2511 p.
595 2428 669 2494 697.
712 2433 812 2512 imago
834 2436 899 2494 eius
920 2431 1063 2512 frequens
1084 2434 1114 2494 in
1137 2433 1249 2510 nnmis,

211 2557 245 2614 ut
266 2552 407 2613 Arsinoes
429 2554 473 2622 (v.
496 2549 621 2615 Enlrhel.
644 2551 681 2612 Ι).
704 2549 741 2612 Ν.
762 2551 813 2632 lv,
834 2547 893 2631 313
915 2552 978 2623 al).

623 2748 654 2815 3.
696 2750 814 2838 Βήσα.

291 2903 424 2987 Βῆσσον
434 2901 505 2966 ath.
528 2903 582 2985 Xl,
605 2899 678 2985 784,
701 2904 729 2966 b.
750 2907 792 2966 ait
813 2923 881 2966 esse
902 2905 1043 2985 poculum
1064 2903 1143 2983 apud
1154 2903 1249 2967 Alex-

208 3022 348 3083 andrinos
380 3021 578 3105 πλατύτερον
609 3021 646 3086 ἐν
677 3022 740 3088 τῶν
768 3023 853 3093 enlm
878 3025 999 3106 μερῶν,
1032 3020 1247 3105 ἐστενωμένον

208 3138 351 3206 ἄνωθεν.
384 3136 522 3202 Enslath.
544 3141 580 3202 ad
603 3139 662 3202 Od.
684 3165 716 3215 α,
738 3135 832 3222 1405,
856 3137 897 3200 16
918 3139 965 3202 lais
987 3141 1143 3220 exscriptis
1164 3158 1247 3218 pru·

206 3259 290 3338 cipit,
313 3261 347 3320 ut
368 3275 430 3319 uno
451 3258 546 3336 sigma
567 3259 722 3320 scribatur.
754 3258 925 3319 Aeneadum
947 3275 1016 3319 esse
1037 3257 1245 3338 penultimam,

206 3376 294 3454 doeet
305 3374 411 3454 Hedyli
433 3393 537 3437 versus
559 3377 596 3438 de
617 3373 709 3457 rhyto'
720 3377 862 3438 Arsinoes
873 3376 960 3450 (Ath.
976 3371 1051 3453 497,
1073 3375 1127 3451 dl:
1150 3371 1244 3459 ὀρχη·

207 3489 282 3577 nepe
302 3493 406 3578 βήσαν
426 3493 618 3574 Αἰγύπτιον.
661 3493 694 3556 ln
723 3513 783 3572 quo
811 3493 877 3554 loon
899 3494 979 3573 quud
1003 3493 1173 3554 Dindorfius
1197 3495 1243 3566 (in

206 3611 359 3673 'lhesauro
388 3611 425 3672 Η.
456 3611 611 3691 Stephano
640 3611 769 3674 affirmat
797 3610 1033 3689 mopsopium,
1066 3612 1119 3672 sed
1142 3611 1244 3672 lromi·

205 3747 272 3790 uem
295 3729 466 3790 saltatorem
488 3748 554 3791 esse
575 3730 814 3808 intelligendum,
838 3729 912 3789 mihi
935 3729 1055 3808 quidem
1078 3730 1135 3790 istu
1157 3746 1243 3790 eom·

203 3848 319 3924 paratio
340 3846 440 3923 inepta
462 3846 594 3928 videtur,
617 3865 671 3908 ueo
692 3848 791 3922 video,
823 3847 895 3925 quid
916 3847 1024 3924 obstet,
1058 3865 1118 3925 quo
1139 3847 1242 3912 minus

203 3963 338 4040 legemem
376 3962 548 4024 saltatorem
584 3965 776 4043 appellaverit
814 3970 936 4044 propter
973 3966 1130 4028 salientem
1169 3967 1242 4028 inde

203 4081 358 4154 liquorem.
