2876 4580
730 246 879 344 32J

239 455 365 536 Zoegam
388 455 446 518 tab.
458 449 511 515 30.
555 453 618 515 Nec
639 453 748 512 desunt
760 434 833 512 'atie
855 451 1002 515 doliorum
1023 453 1185 532 imagines;
1208 472 1277 514 nam
1329 439 1333 442 ’

239 579 320 636 extat
340 573 484 635 Hercules
507 569 725 634 Centaurorum
744 570 858 631 dotium
879 573 1016 649 aperiens
1039 571 1276 650 (v.np0110d0r.

239 692 284 770 ΙΙ,
310 691 349 772 5,
371 692 416 768 4]
443 692 473 750 in
502 691 581 750 vasis
611 691 708 768 pietus
736 694 784 761 (v.
814 689 963 753 Stackeib.
992 688 1104 750 Grbber
1137 690 1166 751 d.
1197 689 1275 752 Reii.

239 807 307 890 41.;
330 808 461 871 Paooika
486 807 673 869 Recbercbes
696 806 757 867 tab.
781 807 830 884 Vi,
855 802 908 885 l),
931 811 961 867 et
983 807 1131 868 Danaides
1154 809 1184 869 iu
1207 826 1276 886 per·

239 928 369 989 iuratum
388 924 500 988 dotium
522 925 585 1000 (είς
605 927 710 990 πίθον
730 927 932 1006 τετρημένον)
956 925 1129 986 haurientes
1150 925 1276 1004 scniptae

238 1051 268 1108 in
308 1045 387 1108 Mus.
422 1043 491 1108 Pol.
524 1043 580 1124 iv,
624 1037 693 1122 36„
732 1045 819 1120 pietae
860 1045 889 1102 in
922 1061 993 1104 vase
1024 1042 1123 1105 bdusei
1155 1042 1272 1123 iliacas,

240 1165 299 1228 tab.
320 1160 352 1226 9.
825 1228 842 1259 0

325 1283 371 1344 Ab
393 1282 441 1343 bis
462 1281 640 1360 imaginibus
663 1298 721 1340 non
744 1279 922 1359 abhorrent,
956 1298 1022 1360 que
1049 1281 1086 1341 de
1107 1280 1201 1341 torma
1224 1281 1281 1344 τοῦ

241 1403 345 1465 πίθου
365 1401 401 1462 ab
424 1402 555 1478 antiquis
577 1399 771 1476 scriptoribus
798 1401 970 1477 accipimus.
1020 1398 1095 1460 Nam
1124 1399 1199 1477 pede
1226 1417 1278 1459 ca-

242 1521 339 1580 rnisse
360 1523 491 1597 constat,
526 1519 596 1596 quia
622 1519 726 1580 πίθου
747 1515 847 1592 πόδες
867 1516 1058 1596 proverbium
1080 1521 1144 1577 erat
1166 1517 1203 1577 de
1226 1517 1278 1604 iisq

242 1656 308 1717 qure
331 1656 389 1698 non
411 1640 497 1698 eraut
527 1639 572 1707 (v.
594 1634 689 1696 seboi.
711 1635 764 1696 Ar.
787 1635 843 1697 Ar.
865 1629 954 1706 798).
1003 1634 1068 1696 Jam
1094 1635 1276 1696 Eustatbius

240 1757 276 1816 ad
300 1755 335 1817 ΙΙ.
357 1779 392 1819 ω.
414 1773 443 1833 p.
459 1749 553 1832 1363,
575 1747 627 1814 36.
651 1753 753 1826 tradit,
776 1753 943 1832 antiquiora
965 1731 996 1813 et
1017 1751 1175 1812 Homerica
1196 1751 1278 1812 dotia

240 1869 322 1956 πρός
344 1867 516 1955 ὁμοιότητά
536 1893 610 1937 τινα
631 1869 835 1954 σμαιροίσεως
855 1870 923 1932 ficta
946 1887 1023 1952 esse,
1058 1888 1150 1948 quum
1172 1875 1279 1950 postes

241 1989 553 2068 magis'probarentur
574 1991 706 2049 acutiora
729 1993 759 2048 ct
781 1989 900 2049 omuino
923 1990 1052 2066 minora,
1086 1989 1165 2068 quod
1188 1989 1280 2050 doce·

241 2126 308 2169 mur
330 2127 346 2169 a
369 2109 513 2186 scriptore
540 2105 729 2185 Geoponicon
758 2103 815 2185 Vi,
837 2102 876 2187 3,
911 2108 996 2168 onius
1024 2107 1112 2168 verba
1141 2107 1277 2185 quedam

240 2225 416 2290 adscribam.
460 2224 618 2300 Καλλίονς
645 2220 676 2288 οἳ
697 2227 796 2288 πίθοι
821 2227 882 2289 τῶν
904 2225 949 2300 τίς
969 2211 1109 2308 γᾶστέροι
1133 2223 1277 2304 ἐξωγκω-

241 2347 346 2426 μένων
360 2327 406 2408 ὀἵ
431 2339 637 2426 μακρότεροι,
670 2345 725 2406 καὶ
750 2340 889 2423 μάλιστα
917 2338 957 2406 τοὶ
985 2341 1129 2426 στόματα
1150 2337 1277 2420 οἷνεωγ-

240 2465 325 2543 μένα
346 2459 478 2540 ἔχοντες.
529 2456 580 2523 Tei
612 2457 649 2522 dr
678 2459 767 2543 χείλη
800 2460 861 2523 τῶν
892 2461 1005 2524 πίθων
1036 2463 1185 2543 ποιητέον
1216 2458 1279 2537 ἔξω

242 2576 446 2652 mersitona,
479 2582 535 2641 ίνα
555 2575 635 2642 ὅταν
665 2581 703 2668 τῇ
731 2581 832 2660 τέφρᾳ
860 2573 1050 2660 ἕπτχρίωμεν
1078 2572 1206 2652 αὖτοὺς,
1233 2573 1278 2660 μὴ

242 2694 382 2786 ἐμπίπτῃ
410 2717 439 2758 τι
462 2696 509 2770 είς
529 2691 586 2759 τὰν
606 2699 712 2760 πίθον
734 2691 933 2773 ἀνοιξάντων
952 2691 1058 2779 ἡμῶν,
1091 2690 1163 2759 ἄλλ’
1183 2693 1276 2758 ἐνκο-

242 2817 347 2898 λίηται
368 2812 437 2892 ἔξω.

329 2929 478 3006 Quoniam
499 2933 610 2994 dotium
632 2935 728 2995 maius
749 2937 831 3013 erat,
863 2951 953 3012 quam
975 2937 1008 2994 ut
1030 2938 1096 2994 rota
1118 2931 1184 2993 fieri
1206 2949 1279 3010 pos-

242 3057 298 3131 set,
322 3051 482 3128 compactis
505 3051 592 3129 lignis
615 3052 791 3129 quibusdam
814 3049 976 3132 (κοίνοβον
997 3051 1070 3112 dicit
1091 3049 1197 3112 Pollux
1210 3049 1277 3130 vll,

244 3165 321 3243 164)
344 3173 424 3230 terra
447 3169 725 3248 circumlinebatnr3
768 3186 843 3248 opus
870 3173 902 3228 et
928 3187 1068 3246 magnum
1088 3174 1121 3230 et
1142 3167 1277 3248 difficile,
1350 3193 1374 3222 κ

241 3287 320 3346 unde
342 3289 372 3346 in
395 3304 458 3360 eos,
482 3287 533 3364 qui
557 3285 699 3363 neglectis
722 3287 991 3364 primisdoctrinre
1015 3286 1182 3366 elementis,
1205 3305 1280 3347 con·
1344 3327 1347 3332 -
1430 3259 1432 3304 {

241 3407 325 3465 tinuo
348 3392 519 3466 diificiitima
547 3420 673 3483 quaeque
701 3405 949 3484 aggrederentur,
980 3405 1169 3482 proverbium
1196 3405 1280 3497 dices

243 3521 331 3583 batur
358 3519 513 3614 ἐνιπίθῳ
542 3516 596 3604 τὴν
622 3524 796 3603 κεραμείαν
815 3520 1006 3604 μανθάνειν
1033 3527 1077 3595 (v.
1105 3520 1180 3584 Poii.
1210 3521 1280 3596 vii,

243 3635 321 3718 163,
344 3641 421 3714 aiii).

327 3756 447 3836 Species
478 3760 583 3823 πίθου
614 3758 653 3818 ab
679 3759 811 3836 antiquis
840 3777 899 3818 non
928 3757 1123 3819 abhorrentes
1157 3757 1281 3818 exbibet

242 3874 372 3936 Panoiba
386 3873 477 3936 Roob.
500 3874 525 3953 ί,
548 3871 667 3950 len,
688 3847 922 3954 {quamquam
943 3877 1119 3955 posterioris
1140 3893 1176 3935 os
1199 3877 1281 3936 iusto

241 3993 396 4070 angustius
419 3991 544 4055 videtur.
