2876 4580
707 216 753 284 38

221 428 273 487 Ar.
295 424 373 486 Nub.
396 416 490 504 1237,
513 422 561 483 ubi
585 416 681 494 ἀσκός
702 421 862 498 opponitur
884 426 915 483 et
937 419 1068 505 κεράμῳ
1090 426 1123 483 et
1140 419 1266 506 κόλπῳ.

223 542 311 620 Quod
333 546 432 602 sulem
453 560 501 620 op.
523 539 706 618 Hesychium
728 538 852 614 legitur:
886 534 995 615 ἆσκός·
1017 535 1149 623 ὑδρεία,
1173 541 1205 601 in
1230 557 1270 600 eo

222 677 294 721 seue
329 658 401 719 nihil
430 661 523 732 inest,
564 657 622 716 nisi
650 656 910 734 grammaticorum
946 659 1007 718 ritu
1039 662 1168 719 trsotutu
1202 656 1271 717 llo·

222 780 296 839 meri
320 775 560 854 linerolis,
591 768 671 835 266:
705 775 814 855 ἕτερον
841 770 873 836 δ’
896 772 1023 851 uidesne.
1079 774 1185 836 Nihilo
1208 776 1269 835 mi-

224 914 279 958 nus
309 913 400 974 quum
432 891 583 972 epichysio
617 890 763 969 quendam
796 891 937 954 olentium
970 897 1096 972 proptor
1130 894 1268 972 aliquem

223 1013 446 1076 similitudinem
475 1012 551 1072 utris
581 1010 672 1070 “vesu
700 1027 717 1069 a
746 1013 827 1071 otre”
850 1010 1051 1089 appellassent
1071 1009 1142 1072 lteli
1165 1011 1270 1071 bomi-

225 1150 294 1209 nee‚
321 1131 444 1191 eundem
467 1123 568 1192 οἷσκόν
589 1127 776 1205 appellarunt
797 1126 870 1220 Psn.
893 1126 936 1202 ΙΙ,
964 1123 1008 1188 43
1029 1132 1061 1188 et
1083 1127 1178 1189 Gerb.
1203 1127 1268 1189 Ult.

226 1251 290 1310 Rio.
312 1268 362 1310 nn.
384 1243 428 1309 40
448 1250 480 1307 et
499 1241 551 1307 4l.
587 1243 716 1306 Penolke
735 1246 824 1305 etiem
846 1245 944 1306 simile
966 1263 1017 1306 vas
1041 1248 1161 1307 vocarit
1183 1243 1273 1309 ἑπά-

226 1383 324 1441 muov,
345 1384 375 1429 n.
394 1361 447 1445 44,
481 1364 551 1442 quis
571 1361 739 1440 Hesychius
762 1363 819 1424 boo
839 1363 919 1442 opud
943 1363 1060 1424 Siculos
1084 1363 1271 1426 infundibuli

141 1491 144 1498 ’
228 1501 333 1544 nomen
354 1482 447 1543 tuisse
469 1482 550 1543 dicit.
593 1480 651 1542 Sed
682 1481 746 1542 bno
768 1480 841 1540 satis
864 1479 1005 1542 refutavit
1026 1481 1216 1544 betronnius
1240 1483 1271 1543 iu

227 1601 386 1680 llpbomer.
406 1599 524 1661 Erudit.
547 1593 642 1671 1833,
664 1616 694 1675 p.
716 1591 781 1658 684
802 1602 874 1674 not,
896 1603 927 1659 et
950 1593 1051 1678 1837,
1075 1618 1104 1678 p.
1127 1593 1204 1660 749.

584 1845 617 1908 9.
663 1848 893 1933 Οἶνοφόρος

230 2003 348 2083 proprie
376 2002 555 2064 adiectivum
581 2003 629 2060 est
655 1999 823 2078 significans
850 2000 930 2078 quod
959 2002 1062 2062 vinum
1092 2004 1196 2080 portat
1217 2008 1275 2064 out

230 2123 378 2195 continet,
411 2125 445 2180 ut
473 2119 598 2197 legimus
625 2118 654 2177 in
683 2116 720 2179 ir.
742 2114 843 2178 Critiae
869 2135 918 2196 ep.
946 2118 1020 2180 Atb.
1044 2119 1092 2199 X,
1115 2115 1200 2196 432,
1235 2121 1273 2182 d:

230 2237 405 2322 οἰνοφόρον
433 2236 563 2310 κύλικα,
601 2237 621 2296 i.
652 2253 677 2294 e.
705 2236 766 2294 viui
793 2235 945 2313 poculum.
999 2237 1193 2299 Adiectivum
1224 2243 1274 2298 est

231 2360 321 2419 etium
343 2375 390 2436 sp.
411 2356 523 2417 Polluo.
535 2354 587 2434 Vl,
610 2348 662 2427 14,
684 2355 716 2412 et
736 2351 896 2412 Herodian.
913 2352 995 2431 Vlll,
1017 2349 1050 2432 4,
1073 2351 1107 2437 4,
1131 2356 1185 2434 qui
1209 2360 1274 2417 ιη.

232 2477 294 2553 dit,
326 2474 500 2549 Maximum,
527 2489 618 2549 quum
639 2469 792 2548 Aquileies
814 2476 1018 2552 oppugnaret,
1052 2490 1107 2534 neo
1130 2473 1273 2550 haberet,

233 2611 293 2672 quo
316 2595 435 2670 pontem
457 2590 578 2667 feceret,
601 2592 822 2666 peropportune
844 2590 873 2648 iu
892 2607 962 2667 egro
985 2591 1138 2651 invenisse
1160 2589 1276 2655 πολλὰ

233 2703 312 2776 κενοὶ
333 2707 491 2791 οἰνοφόρα
512 2703 603 2789 σκεύη
623 2706 813 2790 περιφεροῦς
834 2705 934 2784 ξύλου.
977 2706 1035 2768 Sed
1058 2710 1185 2787 ponitur
1207 2709 1275 2770 baeo

234 2846 290 2889 vox
311 2828 400 2887 etiem
422 2825 606 2886 substantive
628 2827 724 2884 etesi
746 2842 851 2883 nomen
874 2826 946 2886 certi
971 2827 1059 2903 vasis,
1084 2844 1145 2906 quo
1165 2829 1197 2887 in
1221 2828 1276 2888 iti·

120 3001 123 3011 ,
234 2943 355 3014 neribus
378 2961 447 3005 usos
469 2944 602 3003 videmus
623 2917 799 3019 spsllomt.
821 2939 882 3004 Sat.
906 2943 938 3020 1,
967 2939 1007 3023 6,
1043 2939 1105 3005 109
1128 2948 1160 3004 et
1184 2943 1274 3006 Pers.

234 3061 266 3144 5,
291 3057 360 3122 140.
403 3061 448 3121 Ex
469 3060 576 3121 Lucilii
599 3076 686 3118 versu
706 3076 756 3136 sp.
792 3056 867 3118 Non.
879 3079 908 3138 p.
921 3053 995 3137 173,
1016 3079 1042 3123 ε.
1056 3080 1083 3122 v.
1107 3065 1276 3139 sententio,

234 3187 265 3242 et
287 3180 390 3240 lsidor.
413 3177 490 3257 XX,
511 3173 550 3239 6:
591 3173 754 3236 “Vertitur
774 3175 936 3254 oenophori
958 3177 1086 3251 fundus,
1121 3183 1276 3241 sententis

236 3299 348 3376 nonis‚”
369 3301 508 3376 apparet,
530 3313 582 3356 res
604 3294 663 3355 vini
686 3291 789 3374 luisse,
812 3312 882 3371 non,
905 3299 938 3355 ut
960 3294 1048 3372 vulgo
1066 3297 1277 3376 interpretan-

234 3425 294 3496 tur,
317 3418 422 3478 cistam
445 3414 490 3475 vel
507 3413 625 3474 corbem
644 3429 703 3490 quo
725 3412 787 3473 viui
813 3411 962 3490 amphorae
979 3418 1184 3491 portarentur.

588 3677 636 3741 10.
677 3675 911 3764 Ἀμφορεύς,

235 3857 324 3920 quem
357 3837 455 3896 Latini
492 3834 661 3913 ampliorem
694 3833 846 3909 dixerunt,
879 3832 1029 3896 Homerus
1061 3831 1276 3919 ἆμφιφορέα,

235 3954 431 4036 vulgatissimi
460 3970 533 4014 usus
560 3956 625 4012 erat
652 3950 689 4012 od
724 3950 853 4028 liquores
882 3952 1053 4013 condendos
1085 3957 1117 4014 et
1148 3960 1277 4033 porten-

235 4079 305 4154 dos,
328 4071 490 4152 sepissime
511 4071 612 4129 vinum
634 4072 665 4127 et
686 4068 802 4146 oleum,
823 4070 912 4130 etium
935 4071 992 4132 mel
1017 4069 1096 4145 (Cio.
1123 4071 1211 4134 Verr.
1236 4072 1276 4148 ll,
