2876 4580
655 216 696 282 13

157 441 295 486 vasorum
310 441 405 500 genus
416 422 527 484 Graecis
543 418 713 484 bominibus
732 422 920 510 tribpeodum
942 423 1069 506 videtur,
1091 443 1197 503 quam·

157 559 246 620 quarn
270 559 325 602 nee
348 529 506 619 regemus,
541 540 632 604 ltsios
659 539 800 602 barbaros
826 539 931 602 Graeca
952 559 1043 620 opera
1065 544 1196 604 imitatos

156 677 241 737 esse,
263 691 306 704 -
326 664 430 721 extant
457 661 538 720 euim
566 676 635 720 vasa
658 659 793 737 quedam
815 677 874 720 non
897 677 969 720 sane
990 660 1094 736 muita,
1116 658 1196 722 Osce

40 837 46 848 ,
155 779 300 855 inscripta
327 779 374 856 (v.
405 776 530 838 Cabinet
558 775 714 838 Pourtaids
741 777 801 838 tab.
828 772 866 855 93
900 779 930 838 io
953 776 1058 840 Museo
1080 777 1197 840 beroli-

157 898 243 957 nensi
266 915 317 959 nn.
342 888 539 971 1613-18)‚
563 897 653 956 etiam
675 895 772 956 Tusce
794 900 825 955 et
845 894 952 958 Latine
980 902 1020 968 (v.
1042 894 1196 959 Gerbard:

155 1014 273 1077 bertius
283 1013 394 1082 Antike
404 1013 571 1075 Biidwerke
582 1012 606 1093 1,
629 1033 658 1092 p.
673 1008 744 1092 162,
767 1012 803 1074 ci.
817 1033 847 1091 p.
858 1009 934 1084 341)
955 1045 996 1058 -
1021 1031 1076 1076 nec
1099 1015 1195 1074 nesei-

155 1150 240 1213 nus,
273 1133 486 1210 primos'artis
512 1135 637 1193 conotus
666 1134 707 1192 ite
730 1149 809 1210 serpe
837 1133 950 1192 similes
977 1136 1008 1194 et
1030 1151 1123 1211 prope
1142 1126 1195 1210 ¹ge·

155 1370 241 1432 stitui
258 1370 364 1447 possit,
388 1369 417 1429 id
441 1369 519 1447 quod
542 1371 572 1429 in
595 1369 652 1430 boc
674 1385 783 1445 genere
804 1369 969 1447 apparebit,
992 1370 1018 1430 si
1040 1370 1194 1447 quiscum

155 1488 373 1565 antiquissimis
383 1485 495 1548 Graecis
517 1487 645 1549 vasculis
666 1488 881 1563 comparaverit
902 1503 948 1562 en,
970 1487 1078 1564 quibus
1100 1488 1195 1548 nostri

156 1605 286 1665 maiores
307 1607 354 1666 usi
376 1609 458 1681 sunt,
491 1610 544 1666 aut
565 1605 674 1682 quibos
696 1603 829 1690 AEgyptii
852 1604 966 1682 antiqui
989 1603 1063 1675 (vid.
1087 1603 1196 1666 iiosei·

156 1721 210 1784 lini
231 1723 365 1786 Modum.
392 1721 475 1783 civit.
498 1719 536 1803 Π,
559 1739 587 1801 p.
608 1717 806 1794 absint).

242 1840 433 1918 Scripserunt
466 1841 504 1902 de
537 1841 695 1919 generibus
728 1857 866 1901 vasorum
899 1840 1002 1920 muiti;
1049 1841 1194 1920 imprimis

159 1955 327 2020 Gerbardor
349 1960 380 2018 in
402 1958 498 2037 Ropp.
521 1959 603 2022 Volo.
624 1978 653 2038 p.
678 1953 720 2017 12
740 1976 821 2039 sqq,
856 1961 907 2036 qui
936 1959 1029 2020 muita
1051 1958 1126 2019 bene
1149 1961 1195 2020 di·

156 2077 261 2136 stinxit
281 2081 312 2136 et
333 2064 554 2155 animadvertit,
579 2095 759 2156 quamquam
780 2077 871 2139 etiarn
893 2095 928 2138 ea
951 2078 1103 2155 distinxit,
1126 2096 1194 2155 quae

156 2194 298 2272 distingui
321 2213 379 2255 non
402 2195 564 2258 debebant:
589 2195 668 2258 velut
680 2194 864 2272 Tyrrhenam
885 2195 1034 2273 quandam
1052 2196 1193 2272 pingendi

155 2313 301 2374 rationem
323 2319 545 2392 commemorat,
568 2315 647 2374 inter
668 2311 800 2374 Graecam
823 2317 854 2372 et
875 2311 1031 2372 Etruscam
1053 2313 1192 2394 medinm,

155 2447 281 2509 eamque
312 2434 398 2508 putat
428 2431 653 2492 adscribendam
685 2449 751 2492 esse
778 2419 888 2492 Gr‘aecis
921 2430 1083 2494 artificibus
1116 2433 1194 2492 inter

156 2548 300 2608 Etruscos
316 2548 501 2628 viventibus3
529 2549 582 2609 sed
600 2555 653 2610 dec
670 2550 737 2608 eius
754 2566 809 2610 nec
827 2549 970 2610 Abekenii
988 2551 1023 2623 (Ι.
1041 2551 1061 2610 l.
1082 2569 1111 2628 p.
1128 2543 1194 2612 296

155 2669 240 2744 sqq.)
258 2667 459 2744 disputatione
477 2667 607 2744 perlecta
623 2666 716 2726 ulium
728 2666 809 2727 aliud
822 2667 980 2728 discrimen
994 2670 1126 2728 invenire
1139 2686 1194 2746 po·
1279 2651 1284 2656 ⁹

155 2787 210 2862 tui,
235 2786 292 2844 nisi
304 2785 361 2846 oiia
373 2785 581 2866 diligentioris,
604 2785 660 2845 atie
674 2785 896 2863 negligentioris
908 2803 974 2845 esse
986 2789 1093 2863 operis.
1115 2786 1192 2848 Tum

15 2917 17 2934 ⁴
71 2883 74 2889 ³
155 2901 379 2964 etGerbardus
408 2903 516 2963 etalii
545 2904 739 2963 imitationem
767 2905 915 2980 quandam
946 2904 1193 2983 sibidcprehen-

154 3021 225 3081 dere
246 3021 384 3080 videntur
406 3025 437 3080 et
458 3020 625 3080 affectatum
647 3022 778 3081 studium
801 3021 877 3082 maie
899 3021 1049 3099 pingendi.
1082 3021 1193 3082 Mirum

153 3155 226 3198 sane
247 3133 396 3198 studium!
430 3139 469 3198 nt
490 3157 608 3198 causam
632 3139 776 3218 atterunt,
805 3141 919 3200 scilieet
941 3157 1001 3216 quo
1023 3135 1192 3218 antiquiora

153 3256 326 3316 riderentur
347 3227 427 3316 rasa.
459 3256 559 3333 Atque
581 3259 610 3316 in
633 3243 776 3317 Romanis
799 3259 919 3336 quidem
942 3257 1001 3318 taio
1022 3255 1116 3319 fuisse
1137 3276 1192 3318 an-

153 3374 302 3452 tiquitatis
330 3374 480 3450 studium,
514 3373 669 3435 Strabonis
699 3376 784 3435 locus
809 3376 896 3436 docet
925 3394 1013 3454 supra
1037 3377 1191 3456 iaudetus;

152 3491 206 3552 ssd
219 3491 307 3552 docet
329 3491 407 3551 idem
430 3491 523 3568 iocus,
545 3491 609 3553 haec
630 3495 709 3571 picta
731 3511 800 3553 vasa
823 3493 909 3571 ionge
932 3493 989 3554 iilis
1007 3494 1218 3571 temporibus.

151 3609 255 3688 priora
286 3627 370 3686 esse,
403 3611 513 3688 quippe
546 3627 613 3687 que
645 3627 768 3686 prorsus
797 3627 870 3670 nova
900 3615 929 3669 et
953 3612 1100 3688 incognita
1128 3615 1191 3673 vise

15 3779 17 3832 ἱ
126 3787 129 3792 ,
152 3726 214 3786 sint
236 3727 464 3788 invenientibus.
506 3726 540 3787 ln
563 3727 626 3788 hac
641 3732 740 3788 autern
763 3729 940 3806 antiquitate
963 3729 1087 3791 imitatio
1111 3731 1189 3813 talis,

153 3844 271 3922 qualem
305 3845 334 3903 in
368 3844 568 3922 sculptoribus
601 3844 712 3906 Graecis
751 3851 782 3907 et
815 3846 958 3906 Romanis
991 3850 1189 3926 posteriorum

152 3966 321 4040 temporum
343 3979 402 4022 non
425 3964 520 4039 magis
541 3961 635 4024 inisse
658 3981 817 4045 negamus,
852 3983 941 4044 quom
971 3967 999 4025 in
1026 3967 1190 4044 pictoribus
1218 3989 1220 3992 ·

151 4078 330 4156 quibusdam
353 4079 442 4140 huius
465 4079 565 4140 saeculi
588 4113 628 4125 -
652 4081 730 4160 tetis,
752 4085 884 4161 inquam,
908 4083 1033 4144 imitatio
1056 4101 1114 4145 non
1137 4102 1189 4144 en·
