2888 4576
724 209 768 274 96

640 297 863 312 *m

142 469 144 474 .
232 436 299 497 que
316 420 454 480 omittere
467 416 573 480 mellus
587 416 694 495 luerat,
717 421 751 476 ut
772 416 810 476 de
831 414 986 494 superiore
1007 413 1135 494 quodam
1156 412 1269 490 holmo,

233 539 283 615 qui
306 554 456 615 nunquam
478 535 543 597 luit.
578 535 633 596 Est
654 539 755 595 aulem
776 531 874 615 ὅλμος
892 535 961 612 (qui
975 531 1135 608 auretio,
1157 529 1271 596 timna

232 660 319 715 ortus
329 649 423 733 esti),
448 659 481 714 ut
491 655 631 732 primaria
642 655 683 714 sit
695 653 827 712 volvendi
841 652 1031 728 significatio)
1044 651 1102 730 pila
1115 653 1177 712 sive
1188 667 1270 712 mor-

233 775 341 833 tarium
349 772 436 850 (lldt
445 772 466 849 1,
477 767 570 850 200),
583 788 722 848 magnum
733 788 784 832 ras
796 771 922 830 maxime
935 769 1040 830 rustici
1051 787 1124 830 usus
1133 767 1270 840 (Hesiod.

233 873 393 971 01493,
416 889 489 951 rou.
512 884 640 967 1‚245;
663 888 772 949 rnen
794 887 885 962 xn’,
907 882 981 966 648,
1004 886 1046 964 r),
1068 888 1114 948 vn
1137 888 1270 965 ligneum

234 1009 301 1081 (Ar.
324 1007 413 1087 Vesp.
434 1003 533 1087 238),
556 1007 601 1067 vel
623 1006 714 1067 fictile
735 1003 827 1082 (Poll.
850 1005 896 1086 Χ,
927 999 1018 1085 122),
1051 1003 1097 1065 vel
1120 1005 1270 1084 lapideum

234 1124 380 1203 (Hesych.
393 1143 417 1188 s.
428 1132 484 1202 v‚);
506 1125 681 1204 Delphicum
698 1141 822 1186 aeneum
835 1122 928 1185 inisse
942 1141 1064 1185 necesse
1085 1128 1142 1185 est.
1176 1123 1272 1200 Prop-

235 1248 280 1304 ter
295 1242 384 1304 huius
402 1244 479 1303 vasis
496 1243 719 1303 similitudinem
741 1243 830 1302 etiarn
847 1242 904 1302 elia
918 1239 1013 1324 o'tpor
1026 1240 1214 1320 dicebantur,
1237 1244 1271 1301 ut
1387 1285 1393 1292 -

235 1378 304 1439 pers
315 1362 449 1438 quedem
463 1360 541 1420 tibiae
553 1359 644 1432 [Poll.
658 1360 710 1440 lv,
733 1355 804 1434 70),
827 1378 897 1421 caru
910 1360 1044 1421 dentium
1066 1359 1122 1433 (id.
1136 1358 1175 1432 ll,
1197 1355 1269 1435 93),

236 1479 339 1539 tliorax
360 1479 483 1540 humani
505 1479 640 1556 corporis
662 1479 720 1550 (id.
744 1457 894 1557 lr‚‘16·2).
937 1477 969 1538 Si
992 1479 1063 1555 quid
1086 1496 1122 1538 ex
1144 1477 1192 1539 uis
1214 1493 1270 1556 po-

235 1600 295 1658 test
315 1595 403 1672 ellici,
427 1597 543 1658 videtur
564 1593 662 1677 ὅλμος
683 1596 755 1657 satis
777 1596 855 1656 altus
878 1595 981 1674 inisse,
1006 1595 1035 1655 id
1059 1595 1138 1674 quod
1159 1593 1271 1655 confir-

235 1719 333 1776 matur
350 1716 539 1794 aliquatenus
556 1731 645 1776 numo
663 1715 791 1789 quodam
804 1714 987 1793 Delphorum
1003 1732 1050 1792 ap.
1064 1712 1201 1776 Brdndst.
1213 1713 1235 1772 l.
1247 1711 1269 1774 l.

236 1853 263 1910 p.
278 1829 349 1892 120.
382 1832 444 1893 Nec
461 1837 559 1892 temen
576 1832 671 1892 audeo
683 1834 735 1892 uui
747 1832 882 1909 exemplo
895 1833 982 1892 nimis
994 1831 1154 1910 confidere,
1177 1847 1272 1910 quum

235 1952 265 2010 in
287 1951 395 2010 ceteris
417 1949 554 2010 omnibus
576 1951 775 2011 monumentis
798 1950 871 2010 nllril
893 1952 1095 2028 conspiciatur
1116 1967 1132 2010 e
1156 1948 1271 2025 vulgari

235 2085 309 2128 aeno
331 2069 492 2129 diversum.
516 2101 557 2114 --
580 2068 754 2149 Familiam,
776 2070 824 2130 cui
847 2069 981 2129 Athenaei
1003 2069 1087 2130 locus
1108 2067 1170 2145 111,
1191 2061 1269 2138 494,

235 2185 254 2245 b
277 2185 436 2265 (Hesychii
465 2183 603 2265 repetitio
633 2187 742 2247 nullius
769 2191 816 2246 est
843 2188 1002 2261 momenti)
1031 2187 1104 2248 satis
1130 2184 1203 2262 luit,
1237 2188 1272 2244 ut

236 2320 271 2362 er
293 2302 394 2364 holmo
415 2305 555 2383 poculum
577 2304 688 2366 laceret
708 2304 818 2378 (Rech.
841 2304 895 2378 lll,
916 2301 987 2382 49),
1021 2302 1271 2377 ermenaldum,

236 2421 289 2498 qui
311 2422 374 2498 ipse
395 2424 470 2482 vidit
491 2424 661 2501 opinionem
683 2438 767 2483 suam
789 2423 980 2484 fundamento
994 2413 1271 2499 carere(liap.29;

239 2537 296 2600 Ult.
322 2537 357 2598 R.
378 2533 447 2618 26),
470 2538 600 2600 retulere
623 2558 680 2601 non
703 2545 750 2602 est
771 2559 856 2620 opus.

321 2654 379 2715 Sed
402 2660 437 2716 ut
456 2656 493 2716 ed
516 2657 661 2735 tripodem
684 2660 780 2738 ipsum
804 2664 1003 2738 revertamur,
1026 2659 1105 2720 nulla
1127 2656 1212 2718 lecile
1234 2673 1271 2716 ex

236 2774 367 2851 antiquis
393 2777 593 2835 monumentis
622 2777 720 2836 notior
746 2781 793 2838 est
819 2778 927 2854 imago.
971 2777 1046 2838 Tres
1072 2777 1163 2856 pedes
1187 2779 1275 2835 tran·

237 2891 308 2950 stris
335 2890 511 2968 quibusdam
541 2894 690 2954 coniuncti
719 2911 849 2972 superne
877 2895 1021 2956 circulum
1050 2896 1176 2972 liabent,
1210 2909 1272 2973 quo

237 3012 422 3070 sustentatur
443 3027 561 3071 aenum.
617 3011 742 3072 “Eidem
764 3013 917 3092 circulo,”
950 3015 1048 3092 inquit
1073 3011 1219 3073 Mdllerus
1241 3028 1271 3088 p.

237 3118 289 3202 13,
312 3123 476 3186 “insistunt
497 3144 576 3186 unse
598 3130 660 3188 sive
682 3128 762 3190 anuli
785 3132 887 3205 erecti,
921 3132 965 3191 vel
988 3131 1111 3208 singulis
1133 3129 1271 3207 pedibus,

237 3241 281 3302 vel
316 3259 419 3302 eorum
451 3245 615 3304 intervallis
646 3223 839 3324 superpositis
889 3248 973 3310 Unde
1006 3249 1137 3326 tripodes
1163 3264 1271 3306 nomen

173 3347 175 3354 ¹
236 3354 402 3426 ω’τωέντων
422 3359 472 3432 (ΙΙ.
486 3372 524 3443 ψ,
546 3357 621 3439 ⁶264,
644 3357 724 3442 5133
747 3363 784 3423 cl.
802 3380 828 3438 σ,
849 3359 930 3438 378)
953 3369 1105 3444 accepisse
1127 3366 1272 3427 constav’

235 3477 334 3537 Etiam
366 3477 413 3538 his
445 3479 540 3540 anulis
572 3497 650 3558 saepe
682 3479 757 3541 alter
788 3482 917 3542 circulus
950 3484 1105 3561 impositus
1133 3488 1189 3544 est.
1237 3481 1274 3543 V.

238 3597 346 3672 praeter
378 3613 483 3655 numos
515 3597 641 3656 maxime
673 3598 853 3675 anaglypha,
887 3607 953 3676 quae
981 3599 1130 3679 sculptum
1160 3599 1274 3660 habent

237 3708 396 3772 Herculem
423 3729 490 3773 cunr
519 3713 656 3790 Apolline
682 3714 719 3775 de
746 3716 862 3793 tripode
890 3723 1052 3778 certantem
1079 3719 1122 3796 [v.
1150 3716 1274 3778 Mulieri

234 3873 539 3889 -2————--

260 3969 286 4032 *)
304 3971 372 4022 Male
389 3973 557 4026 Buttmannus
573 3977 700 4040 (Lexilog.
724 3980 751 4043 1,
770 3993 794 4042 p.
815 3981 877 4047 195,
904 3989 956 4038 not.
973 3983 1005 4048 6)
1022 3984 1054 4034 alr
1072 3983 1140 4045 arto
1158 3985 1275 4050 deducit,

305 4055 373 4116 quod
392 4060 418 4104 ct
433 4056 518 4118 ipsum
535 4061 567 4110 ab
584 4063 670 4114 Falto
687 4063 825 4115 derivatum
843 4072 890 4115 est.
