<?xml version="1.0" encoding="UTF-8"?>
<!DOCTYPE html PUBLIC "-//W3C//DTD XHTML 1.0 Transitional//EN"
    "http://www.w3.org/TR/xhtml1/DTD/xhtml1-transitional.dtd">
<html xmlns="http://www.w3.org/1999/xhtml" xml:lang="en" lang="en">
 <head>
  <title>
</title>
<meta http-equiv="Content-Type" content="text/html;charset=utf-8" />
  <meta name='ocr-system' content='tesseract 3.04.00' />
  <meta name='ocr-capabilities' content='ocr_page ocr_carea ocr_par ocr_line ocrx_word'/>
</head>
<body>
  <div class='ocr_page' id='page_1' title='image "./denominibusvaso01ussigoog_0100.png"; bbox 0 0 2888 4576; ppageno 0'>
   <div class='ocr_carea' id='block_1_1' title="bbox 704 204 748 271">
    <p class='ocr_par' dir='ltr' id='par_1_1' title="bbox 704 204 748 271">
     <span class='ocr_line' id='line_1_1' title="bbox 704 204 748 271; baseline 0 0"><span class='ocrx_word' id='word_1_1' title='bbox 704 204 748 271; x_wconf 85' lang='grc'>94</span> 
     </span>
    </p>
   </div>
   <div class='ocr_carea' id='block_1_2' title="bbox 162 406 1258 3555">
    <p class='ocr_par' dir='ltr' id='par_1_2' title="bbox 216 406 1253 715">
     <span class='ocr_line' id='line_1_2' title="bbox 216 406 1251 502; baseline -0.016 -19"><span class='ocrx_word' id='word_1_2' title='bbox 216 417 343 502; x_wconf 65' lang='lat' dir='ltr'>puplicat</span> <span class='ocrx_word' id='word_1_3' title='bbox 362 433 379 478; x_wconf 85' lang='lat' dir='ltr'>a</span> <span class='ocrx_word' id='word_1_4' title='bbox 401 419 488 494; x_wconf 81' lang='lat' dir='ltr'>poen</span> <span class='ocrx_word' id='word_1_5' title='bbox 510 409 651 473; x_wconf 88' lang='lat' dir='ltr'>dicuntur</span> <span class='ocrx_word' id='word_1_6' title='bbox 672 410 822 488; x_wconf 78' lang='lat' dir='ltr'>tripodes,</span> <span class='ocrx_word' id='word_1_7' title='bbox 855 408 941 486; x_wconf 88' lang='lat' dir='ltr'>quasi</span> <span class='ocrx_word' id='word_1_8' title='bbox 970 406 1022 486; x_wconf 86' lang='lat' dir='ltr'>qni</span> <span class='ocrx_word' id='word_1_9' title='bbox 1045 407 1144 484; x_wconf 77' lang='lat' dir='ltr'>ignem</span> <span class='ocrx_word' id='word_1_10' title='bbox 1165 421 1251 468; x_wconf 83' lang='lat' dir='ltr'>soru-</span> 
     </span>
     <span class='ocr_line' id='line_1_3' title="bbox 217 526 1253 617; baseline -0.011 -21"><span class='ocrx_word' id='word_1_11' title='bbox 217 537 304 616; x_wconf 82' lang='lat' dir='ltr'>dent3</span> <span class='ocrx_word' id='word_1_12' title='bbox 326 530 506 617; x_wconf 75' lang='grc' dir='ltr'><strong><em>λοετροχόοι</em></strong></span> <span class='ocrx_word' id='word_1_13' title='bbox 527 535 627 593; x_wconf 77' lang='lat' dir='ltr'>aulem</span> <span class='ocrx_word' id='word_1_14' title='bbox 648 533 729 606; x_wconf 73' lang='lat' dir='ltr'>suni,</span> <span class='ocrx_word' id='word_1_15' title='bbox 752 526 860 606; x_wconf 89' lang='lat' dir='ltr'>quibus</span> <span class='ocrx_word' id='word_1_16' title='bbox 882 541 958 605; x_wconf 85' lang='lat' dir='ltr'>aqua</span> <span class='ocrx_word' id='word_1_17' title='bbox 980 527 1019 587; x_wconf 86' lang='lat' dir='ltr'>ad</span> <span class='ocrx_word' id='word_1_18' title='bbox 1033 526 1150 587; x_wconf 82' lang='lat' dir='ltr'>lavandi</span> <span class='ocrx_word' id='word_1_19' title='bbox 1164 539 1253 586; x_wconf 88' lang='lat' dir='ltr'>nsum</span> 
     </span>
     <span class='ocr_line' id='line_1_4' title="bbox 217 654 322 715; baseline -0.01 0"><span class='ocrx_word' id='word_1_20' title='bbox 217 654 322 715; x_wconf 70' lang='lat' dir='ltr'>calefit</span> 
     </span>
    </p>

    <p class='ocr_par' dir='ltr' id='par_1_3' title="bbox 217 753 1255 2028">
     <span class='ocr_line' id='line_1_5' title="bbox 301 753 1252 846; baseline -0.013 -14"><span class='ocrx_word' id='word_1_21' title='bbox 301 771 367 832; x_wconf 85' lang='lat' dir='ltr'>Hoc</span> <span class='ocrx_word' id='word_1_22' title='bbox 388 774 421 830; x_wconf 84' lang='lat' dir='ltr'>ut</span> <span class='ocrx_word' id='word_1_23' title='bbox 442 769 562 846; x_wconf 80' lang='lat' dir='ltr'>vulgare</span> <span class='ocrx_word' id='word_1_24' title='bbox 584 765 733 845; x_wconf 82' lang='lat' dir='ltr'>tripodum</span> <span class='ocrx_word' id='word_1_25' title='bbox 755 779 850 843; x_wconf 79' lang='lat' dir='ltr'>genus</span> <span class='ocrx_word' id='word_1_26' title='bbox 871 766 928 846; x_wconf 83' lang='lat' dir='ltr'>esi,</span> <span class='ocrx_word' id='word_1_27' title='bbox 949 765 992 824; x_wconf 81' lang='lat' dir='ltr'>iia</span> <span class='ocrx_word' id='word_1_28' title='bbox 1015 771 1106 824; x_wconf 86' lang='lat' dir='ltr'>unum</span> <span class='ocrx_word' id='word_1_29' title='bbox 1120 753 1252 823; x_wconf 80' lang='lat' dir='ltr'>Homero</span> 
     </span>
     <span class='ocr_line' id='line_1_6' title="bbox 219 879 1253 968; baseline -0.011 -17"><span class='ocrx_word' id='word_1_30' title='bbox 219 895 332 962; x_wconf 88' lang='lat' dir='ltr'>notum,</span> <span class='ocrx_word' id='word_1_31' title='bbox 356 905 535 968; x_wconf 90' lang='lat' dir='ltr'>quamquam</span> <span class='ocrx_word' id='word_1_32' title='bbox 557 885 739 964; x_wconf 77' lang='lat' dir='ltr'>grammatici</span> <span class='ocrx_word' id='word_1_33' title='bbox 761 883 830 943; x_wconf 88' lang='lat' dir='ltr'>inde</span> <span class='ocrx_word' id='word_1_34' title='bbox 851 881 889 943; x_wconf 91' lang='lat' dir='ltr'>ab</span> <span class='ocrx_word' id='word_1_35' title='bbox 909 881 1087 959; x_wconf 83' lang='lat' dir='ltr'>Asclepiade</span> <span class='ocrx_word' id='word_1_36' title='bbox 1097 879 1253 960; x_wconf 80' lang='lat' dir='ltr'>Myrleauo</span> 
     </span>
     <span class='ocr_line' id='line_1_7' title="bbox 217 999 1252 1085; baseline -0.008 -17"><span class='ocrx_word' id='word_1_37' title='bbox 217 1005 442 1085; x_wconf 68' lang='lat' dir='ltr'>apaturii,</span> <span class='ocrx_word' id='word_1_38' title='bbox 467 1000 547 1082; x_wconf 77' lang='lat' dir='ltr'>ont,</span> <span class='ocrx_word' id='word_1_39' title='bbox 575 1023 592 1064; x_wconf 94' lang='lat' dir='ltr'>c</span> <span class='ocrx_word' id='word_1_40' title='bbox 613 1003 680 1075; x_wconf 83' lang='lat' dir='ltr'>(hic</span> <span class='ocrx_word' id='word_1_41' title='bbox 702 1003 799 1077; x_wconf 84' lang='lat' dir='ltr'>euim,</span> <span class='ocrx_word' id='word_1_42' title='bbox 833 1001 912 1080; x_wconf 89' lang='lat' dir='ltr'>quod</span> <span class='ocrx_word' id='word_1_43' title='bbox 935 1002 1044 1078; x_wconf 77' lang='lat' dir='ltr'>sciam,</span> <span class='ocrx_word' id='word_1_44' title='bbox 1077 999 1252 1078; x_wconf 87' lang='lat' dir='ltr'>antiquissi-</span> 
     </span>
     <span class='ocr_line' id='line_1_8' title="bbox 217 1115 1253 1198; baseline -0.009 -12"><span class='ocrx_word' id='word_1_45' title='bbox 217 1121 284 1186; x_wconf 87' lang='lat' dir='ltr'>mus</span> <span class='ocrx_word' id='word_1_46' title='bbox 318 1129 421 1186; x_wconf 78' lang='lat' dir='ltr'><strong>auctor</strong></span> <span class='ocrx_word' id='word_1_47' title='bbox 451 1125 513 1195; x_wconf 81' lang='lat' dir='ltr'>est)</span> <span class='ocrx_word' id='word_1_48' title='bbox 541 1139 635 1198; x_wconf 85' lang='lat' dir='ltr'>usque</span> <span class='ocrx_word' id='word_1_49' title='bbox 661 1122 698 1182; x_wconf 88' lang='lat' dir='ltr'>ad</span> <span class='ocrx_word' id='word_1_50' title='bbox 731 1115 890 1181; x_wconf 85' lang='lat' dir='ltr'>Mllllerum</span> <span class='ocrx_word' id='word_1_51' title='bbox 918 1118 978 1179; x_wconf 89' lang='lat' dir='ltr'>dno</span> <span class='ocrx_word' id='word_1_52' title='bbox 1006 1136 1116 1196; x_wconf 79' lang='lat' dir='ltr'>genera</span> <span class='ocrx_word' id='word_1_53' title='bbox 1144 1119 1253 1178; x_wconf 86' lang='lat' dir='ltr'>distin·</span> 
     </span>
     <span class='ocr_line' id='line_1_9' title="bbox 219 1221 1253 1324; baseline -0.005 -19"><span class='ocrx_word' id='word_1_54' title='bbox 219 1248 321 1323; x_wconf 81' lang='lat' dir='ltr'>gvunt,</span> <span class='ocrx_word' id='word_1_55' title='bbox 344 1237 486 1324; x_wconf 66' lang='grc' dir='ltr'><strong><em>ἀπύρους</em></strong></span> <span class='ocrx_word' id='word_1_56' title='bbox 507 1245 537 1300; x_wconf 84' lang='lat' dir='ltr'>et</span> <span class='ocrx_word' id='word_1_57' title='bbox 558 1237 772 1322; x_wconf 76' lang='grc' dir='ltr'><strong><em>ἒμποριβήτας</em></strong></span> <span class='ocrx_word' id='word_1_58' title='bbox 793 1270 835 1282; x_wconf 94' lang='grc'>-</span> <span class='ocrx_word' id='word_1_59' title='bbox 855 1236 1002 1298; x_wconf 83' lang='lat' dir='ltr'>debebam</span> <span class='ocrx_word' id='word_1_60' title='bbox 1023 1237 1128 1297; x_wconf 81' lang='lat' dir='ltr'>saliem</span> <span class='ocrx_word' id='word_1_61' title='bbox 1150 1221 1253 1318; x_wconf 74' lang='grc' dir='ltr'>ἐμπύ-</span> 
     </span>
     <span class='ocr_line' id='line_1_10' title="bbox 218 1351 1254 1444; baseline -0.013 -18"><span class='ocrx_word' id='word_1_62' title='bbox 218 1383 291 1444; x_wconf 81' lang='grc' dir='ltr'><strong><em>ρους</em></strong></span> <span class='ocrx_word' id='word_1_63' title='bbox 312 1362 411 1422; x_wconf 88' lang='lat' dir='ltr'>dicere</span> <span class='ocrx_word' id='word_1_64' title='bbox 432 1363 466 1420; x_wconf 82' lang='lat' dir='ltr'>ul</span> <span class='ocrx_word' id='word_1_65' title='bbox 487 1357 591 1418; x_wconf 88' lang='lat' dir='ltr'>Pollux</span> <span class='ocrx_word' id='word_1_66' title='bbox 619 1355 667 1438; x_wconf 81' lang='lat' dir='ltr'>X,</span> <span class='ocrx_word' id='word_1_67' title='bbox 696 1351 747 1420; x_wconf 85' lang='lat'>81.</span> <span class='ocrx_word' id='word_1_68' title='bbox 797 1351 960 1437; x_wconf 71' lang='grc' dir='ltr'><strong><em>Ἀπύροας</em></strong></span> <span class='ocrx_word' id='word_1_69' title='bbox 987 1359 1088 1418; x_wconf 77' lang='lat' dir='ltr'>autem</span> <span class='ocrx_word' id='word_1_70' title='bbox 1116 1359 1254 1416; x_wconf 79' lang='lat' dir='ltr'>statuunt</span> 
     </span>
     <span class='ocr_line' id='line_1_11' title="bbox 219 1467 1254 1557; baseline -0.01 -16"><span class='ocrx_word' id='word_1_71' title='bbox 219 1499 302 1557; x_wconf 78' lang='lat' dir='ltr'>esse,</span> <span class='ocrx_word' id='word_1_72' title='bbox 335 1479 386 1557; x_wconf 85' lang='lat' dir='ltr'>qui</span> <span class='ocrx_word' id='word_1_73' title='bbox 414 1494 471 1538; x_wconf 90' lang='lat' dir='ltr'>uon</span> <span class='ocrx_word' id='word_1_74' title='bbox 501 1479 561 1536; x_wconf 88' lang='lat' dir='ltr'>sini</span> <span class='ocrx_word' id='word_1_75' title='bbox 588 1475 647 1553; x_wconf 80' lang='lat' dir='ltr'>igni</span> <span class='ocrx_word' id='word_1_76' title='bbox 679 1474 867 1553; x_wconf 77' lang='lat' dir='ltr'>imponendi,</span> <span class='ocrx_word' id='word_1_77' title='bbox 892 1473 932 1534; x_wconf 73' lang='lat' dir='ltr'>&#39;ei</span> <span class='ocrx_word' id='word_1_78' title='bbox 960 1467 1124 1535; x_wconf 79' lang='lat' dir='ltr'><strong>Homerum</strong></span> <span class='ocrx_word' id='word_1_79' title='bbox 1145 1477 1254 1552; x_wconf 81' lang='lat' dir='ltr'>pulani</span> 
     </span>
     <span class='ocr_line' id='line_1_12' title="bbox 218 1585 1253 1671; baseline -0.009 -12"><span class='ocrx_word' id='word_1_80' title='bbox 218 1599 321 1659; x_wconf 91' lang='lat' dir='ltr'>eadem</span> <span class='ocrx_word' id='word_1_81' title='bbox 343 1597 458 1657; x_wconf 77' lang='lat' dir='ltr'>ratione</span> <span class='ocrx_word' id='word_1_82' title='bbox 479 1595 617 1655; x_wconf 79' lang='lat' dir='ltr'>divisisse</span> <span class='ocrx_word' id='word_1_83' title='bbox 639 1591 781 1671; x_wconf 82' lang='lat' dir='ltr'>tripodes,</span> <span class='ocrx_word' id='word_1_84' title='bbox 804 1609 862 1670; x_wconf 87' lang='lat' dir='ltr'>qua</span> <span class='ocrx_word' id='word_1_85' title='bbox 884 1590 989 1653; x_wconf 84' lang='lat' dir='ltr'>Pollux</span> <span class='ocrx_word' id='word_1_86' title='bbox 1011 1589 1079 1669; x_wconf 85' lang='lat' dir='ltr'>(Vl,</span> <span class='ocrx_word' id='word_1_87' title='bbox 1101 1585 1139 1664; x_wconf 72' lang='lat'>7)</span> <span class='ocrx_word' id='word_1_88' title='bbox 1161 1595 1253 1664; x_wconf 87' lang='lat' dir='ltr'>aries,</span> 
     </span>
     <span class='ocr_line' id='line_1_13' title="bbox 219 1701 1254 1795; baseline -0.008 -19"><span class='ocrx_word' id='word_1_89' title='bbox 219 1713 292 1778; x_wconf 86' lang='lat' dir='ltr'>alias</span> <span class='ocrx_word' id='word_1_90' title='bbox 305 1709 456 1795; x_wconf 69' lang='grc' dir='ltr'><strong><em>ἀπύρους,</em></strong></span> <span class='ocrx_word' id='word_1_91' title='bbox 478 1701 730 1792; x_wconf 67' lang='grc' dir='ltr'><strong><em>οἱὶοο’ἕμπύροος</em></strong></span> <span class='ocrx_word' id='word_1_92' title='bbox 751 1729 818 1772; x_wconf 89' lang='lat' dir='ltr'>esse</span> <span class='ocrx_word' id='word_1_93' title='bbox 843 1712 955 1772; x_wconf 80' lang='lat' dir='ltr'>dicens.</span> <span class='ocrx_word' id='word_1_94' title='bbox 990 1707 1048 1770; x_wconf 81' lang='lat' dir='ltr'>Vix</span> <span class='ocrx_word' id='word_1_95' title='bbox 1070 1709 1170 1770; x_wconf 90' lang='lat' dir='ltr'>credo.</span> <span class='ocrx_word' id='word_1_96' title='bbox 1197 1709 1254 1768; x_wconf 77' lang='lat' dir='ltr'>liei</span> 
     </span>
     <span class='ocr_line' id='line_1_14' title="bbox 219 1815 1255 1911; baseline -0.006 -19"><span class='ocrx_word' id='word_1_97' title='bbox 219 1833 298 1892; x_wconf 85' lang='lat' dir='ltr'>enim</span> <span class='ocrx_word' id='word_1_98' title='bbox 310 1830 432 1911; x_wconf 82' lang='grc' dir='ltr'><strong><em>ἄπορος</em></strong></span> <span class='ocrx_word' id='word_1_99' title='bbox 442 1829 573 1888; x_wconf 79' lang='lat' dir='ltr'>Homero</span> <span class='ocrx_word' id='word_1_100' title='bbox 595 1829 673 1889; x_wconf 84' lang='lat' dir='ltr'>idem</span> <span class='ocrx_word' id='word_1_101' title='bbox 695 1833 784 1907; x_wconf 90' lang='lat' dir='ltr'>alque</span> <span class='ocrx_word' id='word_1_102' title='bbox 806 1823 980 1910; x_wconf 73' lang='grc' dir='ltr'><strong><em>αόιῐρωτος,</em></strong></span> <span class='ocrx_word' id='word_1_103' title='bbox 1001 1829 1022 1888; x_wconf 88' lang='grc' dir='ltr'>ἰ.</span> <span class='ocrx_word' id='word_1_104' title='bbox 1043 1815 1070 1888; x_wconf 78' lang='lat' dir='ltr'>e.</span> <span class='ocrx_word' id='word_1_105' title='bbox 1093 1828 1156 1905; x_wconf 83' lang='lat' dir='ltr'>igni</span> <span class='ocrx_word' id='word_1_106' title='bbox 1178 1821 1255 1887; x_wconf 83' lang='lat' dir='ltr'>uon-</span> 
     </span>
     <span class='ocr_line' id='line_1_15' title="bbox 219 1939 1254 2028; baseline -0.006 -18"><span class='ocrx_word' id='word_1_107' title='bbox 219 1950 289 2011; x_wconf 90' lang='lat' dir='ltr'>dum</span> <span class='ocrx_word' id='word_1_108' title='bbox 301 1948 448 2026; x_wconf 74' lang='lat' dir='ltr'>admotus,</span> <span class='ocrx_word' id='word_1_109' title='bbox 472 1963 575 2007; x_wconf 79' lang='lat' dir='ltr'>nctus.</span> <span class='ocrx_word' id='word_1_110' title='bbox 609 1945 675 2008; x_wconf 84' lang='lat' dir='ltr'>Hoc</span> <span class='ocrx_word' id='word_1_111' title='bbox 696 1947 859 2007; x_wconf 79' lang='lat' dir='ltr'>clarissime</span> <span class='ocrx_word' id='word_1_112' title='bbox 875 1943 999 2025; x_wconf 81' lang='lat' dir='ltr'>apparel</span> <span class='ocrx_word' id='word_1_113' title='bbox 1015 1963 1051 2006; x_wconf 87' lang='lat' dir='ltr'>ex</span> <span class='ocrx_word' id='word_1_114' title='bbox 1065 1945 1098 2008; x_wconf 90' lang='lat' dir='ltr'>il.</span> <span class='ocrx_word' id='word_1_115' title='bbox 1110 1957 1150 2028; x_wconf 82' lang='grc' dir='ltr'>ψ,</span> <span class='ocrx_word' id='word_1_116' title='bbox 1170 1939 1254 2023; x_wconf 53' lang='grc' dir='ltr'>θέης</span> 
     </span>
    </p>

    <p class='ocr_par' dir='ltr' id='par_1_4' title="bbox 302 2059 1216 2151">
     <span class='ocr_line' id='line_1_16' title="bbox 302 2059 1216 2151; baseline -0.002 -23"><span class='ocrx_word' id='word_1_117' title='bbox 302 2059 402 2147; x_wconf 66' lang='lat' dir='ltr'>ndtnlp</span> <span class='ocrx_word' id='word_1_118' title='bbox 423 2065 468 2150; x_wconf 73' lang='grc' dir='ltr'>τῷ</span> <span class='ocrx_word' id='word_1_119' title='bbox 489 2062 621 2151; x_wconf 76' lang='grc' dir='ltr'><strong><em>τριτάτῳ</em></strong></span> <span class='ocrx_word' id='word_1_120' title='bbox 643 2063 770 2146; x_wconf 78' lang='grc' dir='ltr'><strong><em>ἄπυρον</em></strong></span> <span class='ocrx_word' id='word_1_121' title='bbox 790 2067 952 2146; x_wconf 75' lang='grc' dir='ltr'>κατέθηκε</span> <span class='ocrx_word' id='word_1_122' title='bbox 973 2065 1100 2146; x_wconf 77' lang='grc' dir='ltr'><strong><em>λέβητα,</em></strong></span> <span class='ocrx_word' id='word_1_123' title='bbox 1213 2113 1216 2120; x_wconf 87' lang='grc'>.</span> 
     </span>
    </p>

    <p class='ocr_par' dir='ltr' id='par_1_5' title="bbox 219 2176 1255 2496">
     <span class='ocr_line' id='line_1_17' title="bbox 302 2176 1233 2265; baseline 0.001 -21"><span class='ocrx_word' id='word_1_124' title='bbox 302 2181 411 2256; x_wconf 81' lang='grc' dir='ltr'><strong><em>καλόν,</em></strong></span> <span class='ocrx_word' id='word_1_125' title='bbox 434 2183 571 2265; x_wconf 78' lang='grc' dir='ltr'><strong><em>τέσσαρα</em></strong></span> <span class='ocrx_word' id='word_1_126' title='bbox 591 2185 690 2265; x_wconf 76' lang='grc' dir='ltr'><strong><em>μέτρα</em></strong></span> <span class='ocrx_word' id='word_1_127' title='bbox 712 2181 905 2265; x_wconf 80' lang='grc' dir='ltr'><strong><em>κεχανδότα,</em></strong></span> <span class='ocrx_word' id='word_1_128' title='bbox 927 2177 1041 2247; x_wconf 75' lang='grc' dir='ltr'><em>λευκόν</em></span> <span class='ocrx_word' id='word_1_129' title='bbox 1062 2176 1104 2245; x_wconf 77' lang='grc' dir='ltr'>ἔτ’</span> <span class='ocrx_word' id='word_1_130' title='bbox 1123 2178 1233 2256; x_wconf 63' lang='lat' dir='ltr'>mitrae,</span> 
     </span>
     <span class='ocr_line' id='line_1_18' title="bbox 219 2289 1255 2381; baseline 0.001 -20"><span class='ocrx_word' id='word_1_131' title='bbox 219 2300 269 2361; x_wconf 89' lang='lat' dir='ltr'>ubi</span> <span class='ocrx_word' id='word_1_132' title='bbox 291 2301 430 2362; x_wconf 79' lang='lat' dir='ltr'>laudalur</span> <span class='ocrx_word' id='word_1_133' title='bbox 451 2319 557 2362; x_wconf 88' lang='lat' dir='ltr'>aenum</span> <span class='ocrx_word' id='word_1_134' title='bbox 579 2302 737 2362; x_wconf 88' lang='lat' dir='ltr'>candidum</span> <span class='ocrx_word' id='word_1_135' title='bbox 760 2301 872 2381; x_wconf 84' lang='lat' dir='ltr'>adhuc,</span> <span class='ocrx_word' id='word_1_136' title='bbox 896 2295 954 2361; x_wconf 74' lang='lat' dir='ltr'>{fon</span> <span class='ocrx_word' id='word_1_137' title='bbox 977 2299 1101 2380; x_wconf 82' lang='lat' dir='ltr'>iuligine</span> <span class='ocrx_word' id='word_1_138' title='bbox 1120 2289 1255 2378; x_wconf 62' lang='lat' dir='ltr'>nigrim,</span> 
     </span>
     <span class='ocr_line' id='line_1_19' title="bbox 219 2419 785 2496; baseline 0.004 -18"><span class='ocrx_word' id='word_1_139' title='bbox 219 2420 288 2496; x_wconf 87' lang='lat' dir='ltr'>qula</span> <span class='ocrx_word' id='word_1_140' title='bbox 310 2419 440 2478; x_wconf 90' lang='lat' dir='ltr'>nondum</span> <span class='ocrx_word' id='word_1_141' title='bbox 463 2420 524 2496; x_wconf 80' lang='lat' dir='ltr'>igni</span> <span class='ocrx_word' id='word_1_142' title='bbox 545 2419 697 2480; x_wconf 72' lang='lat' dir='ltr'>admotum</span> <span class='ocrx_word' id='word_1_143' title='bbox 719 2419 785 2480; x_wconf 85' lang='lat' dir='ltr'>tuit.</span> 
     </span>
    </p>

    <p class='ocr_par' dir='ltr' id='par_1_6' title="bbox 220 2531 1257 2852">
     <span class='ocr_line' id='line_1_20' title="bbox 304 2531 1255 2617; baseline -0.001 -22"><span class='ocrx_word' id='word_1_144' title='bbox 304 2535 344 2595; x_wconf 81' lang='lat' dir='ltr'>At</span> <span class='ocrx_word' id='word_1_145' title='bbox 365 2537 456 2612; x_wconf 76' lang='lat' dir='ltr'>enim,</span> <span class='ocrx_word' id='word_1_146' title='bbox 490 2537 629 2614; x_wconf 85' lang='lat' dir='ltr'>inquiunt</span> <span class='ocrx_word' id='word_1_147' title='bbox 650 2535 811 2610; x_wconf 86' lang='lat' dir='ltr'>(Milllerus</span> <span class='ocrx_word' id='word_1_148' title='bbox 831 2556 861 2617; x_wconf 90' lang='lat' dir='ltr'>p.</span> <span class='ocrx_word' id='word_1_149' title='bbox 872 2531 904 2614; x_wconf 83' lang='lat'>8,</span> <span class='ocrx_word' id='word_1_150' title='bbox 926 2535 1050 2596; x_wconf 89' lang='lat' dir='ltr'>llosllus</span> <span class='ocrx_word' id='word_1_151' title='bbox 1072 2535 1103 2595; x_wconf 91' lang='lat' dir='ltr'>in</span> <span class='ocrx_word' id='word_1_152' title='bbox 1127 2534 1255 2596; x_wconf 86' lang='lat' dir='ltr'>Dammii</span> 
     </span>
     <span class='ocr_line' id='line_1_21' title="bbox 221 2647 1257 2736; baseline 0.007 -25"><span class='ocrx_word' id='word_1_153' title='bbox 221 2652 314 2712; x_wconf 78' lang='lat' dir='ltr'>lexico</span> <span class='ocrx_word' id='word_1_154' title='bbox 326 2671 354 2730; x_wconf 89' lang='lat' dir='ltr'>p.</span> <span class='ocrx_word' id='word_1_155' title='bbox 364 2647 473 2732; x_wconf 81' lang='lat'>1115),</span> <span class='ocrx_word' id='word_1_156' title='bbox 495 2655 525 2712; x_wconf 90' lang='lat' dir='ltr'>iu</span> <span class='ocrx_word' id='word_1_157' title='bbox 537 2653 570 2714; x_wconf 91' lang='lat' dir='ltr'>il.</span> <span class='ocrx_word' id='word_1_158' title='bbox 582 2678 603 2728; x_wconf 86' lang='lat' dir='ltr'>t,</span> <span class='ocrx_word' id='word_1_159' title='bbox 627 2649 689 2714; x_wconf 77' lang='lat'>122</span> <span class='ocrx_word' id='word_1_160' title='bbox 704 2654 759 2714; x_wconf 89' lang='lat' dir='ltr'>sibi</span> <span class='ocrx_word' id='word_1_161' title='bbox 776 2657 967 2733; x_wconf 81' lang='lat' dir='ltr'>opponuntur</span> <span class='ocrx_word' id='word_1_162' title='bbox 978 2652 1097 2736; x_wconf 82' lang='grc' dir='ltr'><strong><em>ἄπυροι</em></strong></span> <span class='ocrx_word' id='word_1_163' title='bbox 1107 2650 1257 2735; x_wconf 81' lang='grc' dir='ltr'><strong><em>τρίποδες</em></strong></span> 
     </span>
     <span class='ocr_line' id='line_1_22' title="bbox 220 2767 1255 2852; baseline 0.004 -23"><span class='ocrx_word' id='word_1_164' title='bbox 220 2774 252 2829; x_wconf 85' lang='lat' dir='ltr'>et</span> <span class='ocrx_word' id='word_1_165' title='bbox 273 2771 415 2843; x_wconf 78' lang='grc' dir='ltr'><strong><em>αἴθωνες</em></strong></span> <span class='ocrx_word' id='word_1_166' title='bbox 436 2767 574 2852; x_wconf 63' lang='grc' dir='ltr'>λέβητος.4</span> <span class='ocrx_word' id='word_1_167' title='bbox 616 2771 763 2849; x_wconf 81' lang='lat' dir='ltr'>Equidem</span> <span class='ocrx_word' id='word_1_168' title='bbox 786 2773 896 2838; x_wconf 80' lang='lat' dir='ltr'>nullam</span> <span class='ocrx_word' id='word_1_169' title='bbox 918 2773 1135 2849; x_wconf 81' lang='lat' dir='ltr'>oppositionem</span> <span class='ocrx_word' id='word_1_170' title='bbox 1157 2769 1255 2834; x_wconf 90' lang='lat' dir='ltr'>video.</span> 
     </span>
    </p>

    <p class='ocr_par' dir='ltr' id='par_1_7' title="bbox 162 2885 1258 3555">
     <span class='ocr_line' id='line_1_23' title="bbox 220 2885 1254 2969; baseline 0.002 -22"><span class='ocrx_word' id='word_1_171' title='bbox 220 2886 266 2947; x_wconf 82' lang='lat' dir='ltr'>lin</span> <span class='ocrx_word' id='word_1_172' title='bbox 289 2890 359 2966; x_wconf 88' lang='lat' dir='ltr'>quia</span> <span class='ocrx_word' id='word_1_173' title='bbox 380 2887 461 2948; x_wconf 85' lang='lat' dir='ltr'>lebes</span> <span class='ocrx_word' id='word_1_174' title='bbox 483 2890 593 2968; x_wconf 75' lang='lat' dir='ltr'>tripodi</span> <span class='ocrx_word' id='word_1_175' title='bbox 615 2887 847 2969; x_wconf 83' lang='lat' dir='ltr'>impot&#39;ripotest,</span> <span class='ocrx_word' id='word_1_176' title='bbox 870 2885 1044 2967; x_wconf 84' lang='lat' dir='ltr'>tripusest‘l</span> <span class='ocrx_word' id='word_1_177' title='bbox 1065 2887 1254 2966; x_wconf 78' lang='lat' dir='ltr'>Donatdga-</span> 
     </span>
     <span class='ocr_line' id='line_1_24' title="bbox 162 2979 1257 3087; baseline 0.001 -23"><span class='ocrx_word' id='word_1_178' title='bbox 162 2979 166 2985; x_wconf 31' lang='lat'>⁵</span> <span class='ocrx_word' id='word_1_179' title='bbox 220 3021 338 3065; x_wconf 83' lang='lat' dir='ltr'>memus</span> <span class='ocrx_word' id='word_1_180' title='bbox 375 3005 484 3067; x_wconf 84' lang='lat' dir='ltr'>Achilli</span> <span class='ocrx_word' id='word_1_181' title='bbox 520 3011 634 3087; x_wconf 83' lang='lat' dir='ltr'>septem</span> <span class='ocrx_word' id='word_1_182' title='bbox 672 3021 763 3068; x_wconf 86' lang='lat' dir='ltr'>novos</span> <span class='ocrx_word' id='word_1_183' title='bbox 800 3005 933 3084; x_wconf 83' lang='lat' dir='ltr'>tripodes</span> <span class='ocrx_word' id='word_1_184' title='bbox 971 3011 1002 3068; x_wconf 82' lang='lat' dir='ltr'>ei</span> <span class='ocrx_word' id='word_1_185' title='bbox 1037 3007 1142 3084; x_wconf 78' lang='lat' dir='ltr'>viginti</span> <span class='ocrx_word' id='word_1_186' title='bbox 1180 3023 1257 3067; x_wconf 87' lang='lat' dir='ltr'>aena</span> 
     </span>
     <span class='ocr_line' id='line_1_25' title="bbox 220 3121 1256 3204; baseline 0.005 -24"><span class='ocrx_word' id='word_1_187' title='bbox 220 3121 412 3198; x_wconf 81' lang='lat' dir='ltr'>splendentia.</span> <span class='ocrx_word' id='word_1_188' title='bbox 456 3122 537 3200; x_wconf 83' lang='lat' dir='ltr'>Quid</span> <span class='ocrx_word' id='word_1_189' title='bbox 559 3123 724 3204; x_wconf 82' lang='lat' dir='ltr'>simplicius</span> <span class='ocrx_word' id='word_1_190' title='bbox 746 3121 815 3184; x_wconf 81' lang='lat' dir='ltr'>esti</span> <span class='ocrx_word' id='word_1_191' title='bbox 856 3121 968 3184; x_wconf 84' lang='lat' dir='ltr'>Tamen</span> <span class='ocrx_word' id='word_1_192' title='bbox 991 3124 1060 3184; x_wconf 87' lang='lat' dir='ltr'>iude</span> <span class='ocrx_word' id='word_1_193' title='bbox 1081 3125 1256 3202; x_wconf 46' lang='lat' dir='ltr'>effecerunt</span> 
     </span>
     <span class='ocr_line' id='line_1_26' title="bbox 220 3235 1257 3322; baseline 0.005 -25"><span class='ocrx_word' id='word_1_194' title='bbox 220 3237 440 3318; x_wconf 84' lang='lat' dir='ltr'>illos&#39;lripodes</span> <span class='ocrx_word' id='word_1_195' title='bbox 461 3239 553 3300; x_wconf 88' lang='lat' dir='ltr'>inisse</span> <span class='ocrx_word' id='word_1_196' title='bbox 575 3245 705 3301; x_wconf 81' lang='lat' dir='ltr'>crateram</span> <span class='ocrx_word' id='word_1_197' title='bbox 715 3238 766 3322; x_wconf 72' lang='lat' dir='ltr'>li),</span> <span class='ocrx_word' id='word_1_198' title='bbox 799 3259 827 3304; x_wconf 86' lang='lat' dir='ltr'>v.</span> <span class='ocrx_word' id='word_1_199' title='bbox 848 3241 957 3304; x_wconf 77' lang='lat' dir='ltr'>Athen.</span> <span class='ocrx_word' id='word_1_200' title='bbox 980 3239 1023 3321; x_wconf 84' lang='lat' dir='ltr'>tt,</span> <span class='ocrx_word' id='word_1_201' title='bbox 1049 3235 1108 3319; x_wconf 79' lang='lat'>37,</span> <span class='ocrx_word' id='word_1_202' title='bbox 1131 3240 1151 3304; x_wconf 94' lang='lat' dir='ltr'>i.</span> <span class='ocrx_word' id='word_1_203' title='bbox 1195 3241 1257 3302; x_wconf 85' lang='lat' dir='ltr'>Sed</span> 
     </span>
     <span class='ocr_line' id='line_1_27' title="bbox 220 3357 1257 3438; baseline 0.005 -23"><span class='ocrx_word' id='word_1_204' title='bbox 220 3357 353 3417; x_wconf 81' lang='lat' dir='ltr'>craterae</span> <span class='ocrx_word' id='word_1_205' title='bbox 374 3358 529 3435; x_wconf 86' lang='lat' dir='ltr'>nunquam&#39;</span> <span class='ocrx_word' id='word_1_206' title='bbox 548 3358 678 3436; x_wconf 86' lang='lat' dir='ltr'>tiipodes</span> <span class='ocrx_word' id='word_1_207' title='bbox 699 3359 770 3419; x_wconf 84' lang='lat' dir='ltr'>dicti</span> <span class='ocrx_word' id='word_1_208' title='bbox 792 3364 873 3438; x_wconf 82' lang='lat' dir='ltr'>suni,</span> <span class='ocrx_word' id='word_1_209' title='bbox 895 3375 950 3420; x_wconf 87' lang='lat' dir='ltr'>nec</span> <span class='ocrx_word' id='word_1_210' title='bbox 972 3359 1002 3418; x_wconf 89' lang='lat' dir='ltr'>in</span> <span class='ocrx_word' id='word_1_211' title='bbox 1026 3361 1087 3418; x_wconf 82' lang='lat' dir='ltr'>tam</span> <span class='ocrx_word' id='word_1_212' title='bbox 1107 3357 1257 3436; x_wconf 76' lang='lat' dir='ltr'>frequenti</span> 
     </span>
     <span class='ocr_line' id='line_1_28' title="bbox 221 3475 1258 3555; baseline 0.005 -22"><span class='ocrx_word' id='word_1_213' title='bbox 221 3476 402 3535; x_wconf 76' lang='lat' dir='ltr'>craterarum</span> <span class='ocrx_word' id='word_1_214' title='bbox 416 3479 447 3534; x_wconf 86' lang='lat' dir='ltr'>et</span> <span class='ocrx_word' id='word_1_215' title='bbox 468 3475 616 3554; x_wconf 85' lang='lat' dir='ltr'>tripodum</span> <span class='ocrx_word' id='word_1_216' title='bbox 638 3476 788 3536; x_wconf 78' lang='lat' dir='ltr'>mentione</span> <span class='ocrx_word' id='word_1_217' title='bbox 808 3477 886 3555; x_wconf 85' lang='lat' dir='ltr'>apud</span> <span class='ocrx_word' id='word_1_218' title='bbox 907 3475 1071 3537; x_wconf 88' lang='lat' dir='ltr'>Homerum</span> <span class='ocrx_word' id='word_1_219' title='bbox 1094 3476 1188 3538; x_wconf 89' lang='lat' dir='ltr'>ullum</span> <span class='ocrx_word' id='word_1_220' title='bbox 1209 3481 1258 3538; x_wconf 83' lang='lat' dir='ltr'>est</span> 
     </span>
    </p>
   </div>
   <div class='ocr_carea' id='block_1_3' title="bbox 223 3667 518 3683">
    <p class='ocr_par' dir='ltr' id='par_1_8' title="bbox 223 3667 518 3683">
     <span class='ocr_line' id='line_1_29' title="bbox 223 3667 518 3683; baseline -0.003 1"><span class='ocrx_word' id='word_1_221' title='bbox 223 3667 518 3683; x_wconf 68' lang='lat'>-—=———=</span> 
     </span>
    </p>
   </div>
   <div class='ocr_carea' id='block_1_4' title="bbox 244 3766 1260 4130">
    <p class='ocr_par' dir='ltr' id='par_1_9' title="bbox 244 3766 1260 4130">
     <span class='ocr_line' id='line_1_30' title="bbox 1178 3766 1190 3794; baseline 0 0"><span class='ocrx_word' id='word_1_222' title='bbox 1178 3766 1190 3794; x_wconf 77' lang='grc' dir='ltr'>Ι</span> 
     </span>
     <span class='ocr_line' id='line_1_31' title="bbox 244 3800 1260 3884; baseline 0.017 -33"><span class='ocrx_word' id='word_1_223' title='bbox 244 3800 272 3865; x_wconf 80' lang='lat'>*)</span> <span class='ocrx_word' id='word_1_224' title='bbox 294 3801 369 3864; x_wconf 83' lang='lat' dir='ltr'>Quod</span> <span class='ocrx_word' id='word_1_225' title='bbox 390 3804 514 3857; x_wconf 85' lang='lat' dir='ltr'>Milllerus</span> <span class='ocrx_word' id='word_1_226' title='bbox 543 3821 567 3870; x_wconf 91' lang='lat' dir='ltr'>p.</span> <span class='ocrx_word' id='word_1_227' title='bbox 591 3807 608 3854; x_wconf 89' lang='lat'><strong>6</strong></span> <span class='ocrx_word' id='word_1_228' title='bbox 635 3807 764 3880; x_wconf 72' lang='grc' dir='ltr'><strong><em>τρίποδας</em></strong></span> <span class='ocrx_word' id='word_1_229' title='bbox 787 3808 897 3876; x_wconf 71' lang='grc' dir='ltr'>λέβητας</span> <span class='ocrx_word' id='word_1_230' title='bbox 920 3814 946 3860; x_wconf 84' lang='lat' dir='ltr'>ei</span> <span class='ocrx_word' id='word_1_231' title='bbox 967 3809 1098 3883; x_wconf 71' lang='lat' dir='ltr'>episcodus</span> <span class='ocrx_word' id='word_1_232' title='bbox 1120 3809 1260 3884; x_wconf 68' lang='grc' dir='ltr'><strong><em>κρατῆρας</em></strong></span> 
     </span>
     <span class='ocr_line' id='line_1_32' title="bbox 287 3887 1260 3956; baseline 0.012 -22"><span class='ocrx_word' id='word_1_233' title='bbox 287 3887 358 3948; x_wconf 79' lang='lat' dir='ltr'>dixit,</span> <span class='ocrx_word' id='word_1_234' title='bbox 375 3889 454 3938; x_wconf 90' lang='lat' dir='ltr'>miror</span> <span class='ocrx_word' id='word_1_235' title='bbox 470 3903 528 3939; x_wconf 87' lang='lat' dir='ltr'>eum</span> <span class='ocrx_word' id='word_1_236' title='bbox 547 3891 623 3941; x_wconf 88' lang='lat' dir='ltr'>istam</span> <span class='ocrx_word' id='word_1_237' title='bbox 640 3891 853 3943; x_wconf 75' lang='lat' dir='ltr'>substantivorum</span> <span class='ocrx_word' id='word_1_238' title='bbox 871 3895 1059 3956; x_wconf 85' lang='lat' dir='ltr'>appositionem</span> <span class='ocrx_word' id='word_1_239' title='bbox 1075 3895 1189 3947; x_wconf 73' lang='lat' dir='ltr'>Graecam</span> <span class='ocrx_word' id='word_1_240' title='bbox 1209 3898 1260 3946; x_wconf 81' lang='lat' dir='ltr'>lra-</span> 
     </span>
     <span class='ocr_line' id='line_1_33' title="bbox 287 3971 1257 4043; baseline 0.008 -23"><span class='ocrx_word' id='word_1_241' title='bbox 287 3971 389 4035; x_wconf 77' lang='lat' dir='ltr'>buisse3</span> <span class='ocrx_word' id='word_1_242' title='bbox 423 3985 471 4022; x_wconf 89' lang='lat' dir='ltr'>nec</span> <span class='ocrx_word' id='word_1_243' title='bbox 494 3973 580 4024; x_wconf 88' lang='lat' dir='ltr'>simile</span> <span class='ocrx_word' id='word_1_244' title='bbox 603 3975 741 4037; x_wconf 80' lang='lat' dir='ltr'>quidquam</span> <span class='ocrx_word' id='word_1_245' title='bbox 760 3977 827 4038; x_wconf 89' lang='lat' dir='ltr'>apud</span> <span class='ocrx_word' id='word_1_246' title='bbox 850 3977 987 4038; x_wconf 75' lang='lat' dir='ltr'>scriptores</span> <span class='ocrx_word' id='word_1_247' title='bbox 1012 3979 1117 4043; x_wconf 87' lang='lat' dir='ltr'>legitur,</span> <span class='ocrx_word' id='word_1_248' title='bbox 1145 3992 1205 4030; x_wconf 79' lang='lat' dir='ltr'>uam</span> <span class='ocrx_word' id='word_1_249' title='bbox 1230 3981 1257 4028; x_wconf 93' lang='lat' dir='ltr'>ln</span> 
     </span>
     <span class='ocr_line' id='line_1_34' title="bbox 285 4053 1104 4130; baseline 0.013 -27"><span class='ocrx_word' id='word_1_250' title='bbox 285 4053 398 4113; x_wconf 68' lang='lat' dir='ltr'>AEmtrtt</span> <span class='ocrx_word' id='word_1_251' title='bbox 417 4053 446 4104; x_wconf 84' lang='lat' dir='ltr'>ir.</span> <span class='ocrx_word' id='word_1_252' title='bbox 464 4066 504 4116; x_wconf 87' lang='lat' dir='ltr'>ap.</span> <span class='ocrx_word' id='word_1_253' title='bbox 525 4057 584 4105; x_wconf 78' lang='lat' dir='ltr'>Atii.</span> <span class='ocrx_word' id='word_1_254' title='bbox 602 4059 636 4122; x_wconf 84' lang='grc' dir='ltr'>ΙΙ,</span> <span class='ocrx_word' id='word_1_255' title='bbox 655 4059 704 4123; x_wconf 76' lang='lat'>37,</span> <span class='ocrx_word' id='word_1_256' title='bbox 722 4061 737 4110; x_wconf 84' lang='lat' dir='ltr'>t.</span> <span class='ocrx_word' id='word_1_257' title='bbox 758 4061 868 4130; x_wconf 71' lang='grc' dir='ltr'><strong><em>τρόπους</em></strong></span> <span class='ocrx_word' id='word_1_258' title='bbox 883 4062 1037 4114; x_wconf 77' lang='grc' dir='ltr'>οοΙοοιΙοαοι</span> <span class='ocrx_word' id='word_1_259' title='bbox 1056 4071 1104 4116; x_wconf 79' lang='lat' dir='ltr'>est</span> 
     </span>
    </p>
   </div>
   <div class='ocr_carea' id='block_1_5' title="bbox 0 0 1455 4576">
    <p class='ocr_par' dir='ltr' id='par_1_10' title="bbox 0 0 1455 4576">
     <span class='ocr_line' id='line_1_35' title="bbox 0 0 1455 4576; baseline 0 0"><span class='ocrx_word' id='word_1_260' title='bbox 0 0 1455 4576; x_wconf 95' lang='lat' dir='ltr'> </span> 
     </span>
    </p>
   </div>
  </div>
 </body>
</html>
