2888 4576
649 219 713 284 115

162 425 309 502 affirmet,
343 427 475 503 ignotam
503 441 569 486 esse
592 423 717 486 turmam
740 424 858 503 interii,
891 443 982 504 quum
1013 425 1094 488 nulla
1116 425 1202 488 facile

162 543 348 623 frequentior
369 545 409 604 sit
431 544 460 604 in
482 543 613 620 antiquis
635 545 843 606 monumentis.
886 544 932 605 An
945 543 1073 607 dubitari
1092 550 1203 624 potest,

162 663 262 742 qualia
284 661 395 722 luerint
417 660 467 722 illa
489 678 559 722 rasa
581 678 639 720 non
661 659 819 740 protunda,
843 662 895 722 sed
917 662 1025 741 ampla,
1049 663 1110 724 alto
1130 663 1202 724 sub·

164 782 231 842 nixa
265 781 357 860 pede,
389 797 478 859 quem
509 773 690 862 ὑποστάτην
711 779 814 840 dicunt
842 778 968 840 Pausan.
990 781 1031 860 x,
1052 775 1105 860 26,
1126 779 1149 842 9
1170 784 1201 841 et

163 897 235 960 Poll.
258 898 301 978 X,
322 892 373 960 46.
428 896 539 958 Probat
560 898 664 976 ingens
685 915 778 976 prope
808 916 949 960 numerus
976 901 1123 977 pictorum
1151 917 1201 960 va·

162 1033 283 1094 sorum,
322 1015 489 1095 exquibus
526 1015 586 1078 duo
616 1016 741 1094 insignia
770 1017 905 1095 exempla
927 1019 1028 1096 posuit
1050 1017 1199 1078 Beoterus

162 1133 289 1197 Chariol.
312 1134 330 1194 l.
354 1133 374 1196 Ι.

407 1330 437 1396 2.
479 1330 730 1418 Ἀσοὶμονθυς
751 1341 782 1398 et
803 1335 955 1412 πύελος.

249 1487 463 1568 linguosum,
487 1489 516 1548 in
538 1505 605 1566 qne
627 1490 683 1550 toti
705 1489 923 1552 descendebant
945 1486 1201 1572 (ἐσίβαινον)ίσ·

164 1609 274 1680 voturi,
298 1603 502 1690 ἀσαμίνθους
522 1607 595 1668 diuit
615 1606 775 1670 Humerus.
825 1608 919 1669 Erant
947 1607 994 1668 ha
1015 1607 1201 1686 plerumque,

163 1731 197 1788 ut
229 1728 351 1806 opinor,
385 1727 508 1804 lignem,
530 1721 668 1802 ἐύξεστοι
701 1724 777 1798 (οᾶ.
798 1724 829 1805 d,
850 1720 926 1806 48];
958 1726 1011 1786 sed
1044 1727 1128 1787 dives
1150 1724 1201 1786 ille

164 1845 324 1924 AEgyptins
345 1848 501 1922 argenteas
522 1843 596 1904 duas
617 1844 695 1905 dono
717 1845 800 1906 dedit
821 1843 957 1906 Menelao
979 1842 1055 1918 (Οὐ.
1068 1841 1098 1921 δ,
1112 1837 1201 1915 198).

162 1963 250 2039 (lund
274 1965 304 2024 in
325 1962 484 2024 ridiculum
506 1963 775 2023 errorem'induxit
795 1961 909 2024 Pollae.
932 1959 984 2035 Vl,
1005 1957 1058 2036 97,
1091 1967 1125 2022 nt
1146 1978 1201 2040 po-

162 2082 396 2155 commederet,
424 2097 553 2158 eumque
579 2078 767 2140 confirmavit
798 2081 887 2141 etiam
921 2078 998 2140 male
1031 2078 1201 2140 intellectus

163 2197 275 2262 Cratini
298 2213 418 2262 versus:
454 2196 488 2276 ἐξ
515 2193 702 2280 ἀσαμίνθου
734 2196 859 2272 κύλικος
885 2195 1010 2278 λείβων.
1064 2195 1119 2256 Est
1150 2196 1200 2256 laio

164 2335 267 2380 versus
288 2336 324 2379 ex
347 2315 544 2397 Chironibus,
577 2333 644 2394 qne
676 2316 806 2394 ingentia
840 2320 990 2390 monstra,
1022 2318 1110 2394 putta
1143 2315 1196 2391 ait,

163 2439 277 2515 magnis
299 2437 390 2496 alveis
411 2451 465 2514 pro
488 2434 602 2513 poculis
624 2436 678 2495 uti.

251 2550 319 2630 Τάς
340 2548 545 2636 ἀσαμίνθους
572 2551 706 2628 πυέλους
737 2554 973 2646 interpretantur
1005 2551 1200 2630 grammatici,

164 2673 243 2752 quod
266 2689 372 2734 nornen
395 2673 545 2752 elipeum
567 2673 614 2732 est
635 2687 683 2750 ap.
704 2669 793 2734 Hom.
815 2669 873 2734 Od.
895 2693 922 2749 ν,
943 2666 1028 2732 553:
1049 2672 1200 2754 χῆνας-

162 2789 265 2874 πυρόν
286 2788 513 2873 ίρεπτομίνους
533 2783 628 2871 παρά
648 2789 784 2865 πύελον,
816 2808 853 2852 ex
880 2807 941 2868 quo
970 2789 1035 2852 loen
1056 2790 1134 2852 ellici
1156 2793 1202 2852 ri-

163 2911 263 2983 detur,
286 2910 416 2970 minume
443 2907 535 2969 tuisse
566 2904 623 2983 τάς
643 2907 785 2983 πυέλους.
807 2941 847 2953 -
871 2907 979 2971 Postea
1012 2909 1099 2987 vulgo
1126 2909 1202 2970 dioi-

165 3035 213 3090 tur
238 3029 356 3102 πύελος
377 3027 414 3088 de
436 3027 511 3088 solio
533 3026 735 3108 balneatorio;
757 3045 784 3087 r.
808 3024 881 3088 Poll.
904 3026 945 3104 x,
966 3020 1027 3107 633
1050 3025 1201 3090 Plutarch.
1267 3089 1268 3094 ,

163 3147 252 3211 Alex.
267 3142 327 3229 203
339 3145 493 3224 Aristupb.
507 3144 610 3223 Equit.
633 3141 733 3224 10603
753 3144 820 3206 Pae.
836 3139 909 3206 843.
944 3144 1079 3207 Habebat
1090 3150 1201 3208 certam

164 3267 277 3343 sedern,
301 3283 318 3326 a
340 3283 397 3342 qua
427 3281 485 3324 non
515 3262 704 3341 movebatur,
737 3280 830 3341 quare
862 3263 971 3325 mulier
1003 3265 1137 3343 quaedam
1171 3267 1201 3324 ia

163 3386 215 3447 Aa.
237 3365 358 3445 Tbesm.
387 3377 452 3443 562
473 3381 531 3442 sub
552 3399 587 3441 ea
618 3379 833 3442 defoderat-
856 3385 889 3440 ut
920 3381 1054 3457 videtur,
1085 3385 1202 3459 partum

163 3503 362 3580 illegitimum.
404 3501 493 3580 Aqua
510 3499 628 3560 sordida
650 3516 704 3578 per
722 3497 855 3559 foramen
867 3497 987 3576 aliquod
1000 3498 1202 3576 emittebatur,

164 3639 218 3700 per
239 3621 319 3699 quod
341 3637 380 3680 ne
401 3618 533 3680 lubricus
555 3596 604 3678 ille
621 3616 775 3678 Philoeloo
796 3615 928 3694 effugiat,
950 3616 1074 3678 ridicule
1096 3619 1204 3678 metuit

164 3738 245 3799 filius
266 3741 297 3799 in
320 3738 411 3817 Vesp.
440 3733 506 3799 tul.
521 3737 617 3798 -De
638 3735 781 3814 peculiari
804 3734 854 3794 illo
877 3753 995 3816 gauere,
1019 3735 1098 3814 quod
1120 3753 1202 3797 oom-

163 3861 310 3918 memurat
331 3855 509 3936 Lycophroa
532 3875 579 3936 ap.
601 3855 671 3916 bth.
695 3853 751 3932 xl,
772 3849 848 3934 501,
870 3868 904 3916 e:
928 3848 995 3920 ἀπὸ
1015 3855 1076 3920 τῶν
1092 3849 1203 3938 ἀμφύ-

164 3973 231 4039 λαν
252 3975 313 4040 σύν
334 3972 370 4040 ἐν
390 3985 460 4048 ταῖς
480 3979 673 4053 γυναικείοις
693 3973 830 4048 πυέλοις,
862 3969 949 4039 ὅθεν
969 3982 1034 4048 τοῖς
1055 3977 1204 4056 σκαφίοις

164 4087 304 4174 ἀρύουσυ,
327 4093 401 4154 nibil
425 4094 570 4154 norimus.
621 4131 623 4136 ·

971 4205 1001 4254 8*
