2888 4576
743 195 806 260 156

661 285 885 298 ..μ-.-

257 403 396 479 cinctum
420 401 457 462 ci.
481 397 607 463 ibid.77
628 403 657 462 in
680 401 806 478 eleganti
829 405 948 480 optirnae
969 399 1042 462 aitis
1061 407 1191 480 cratera3
1213 405 1293 464 anti·

258 522 361 598 quiora
383 524 455 580 sunt
476 520 546 582 ibid.
567 515 621 598 55,
643 515 696 595 56,
716 513 767 580 42.

340 637 443 698 Tanta
464 638 676 715 magnitudinis
688 655 738 697 ras
748 655 807 697 nou
821 641 932 696 temere
943 653 1003 696 uno
1022 636 1132 699 baustu
1146 639 1290 698 exsiccari

257 761 392 835 poterat3
425 773 517 833 quum
551 757 642 832 igitur
670 756 751 817 nullo
773 773 828 817 suo
849 755 924 834 pede
947 756 1115 830 insisteret,
1147 754 1290 832 singulari

256 877 399 952 apparatu
423 873 601 934 iniciendum
625 879 698 951 erat,
720 893 747 936 v.
770 873 853 935 Letr.
883 893 910 951 p.
932 867 1007 934 694.
1052 871 1109 932 llic
1130 878 1290 950 apparatus

256 991 411 1051 dicebatur
449 991 631 1072 περισκελές
662 991 707 1053 vel
747 991 940 1074 περισκελίς,
968 994 1002 1051 ut
1022 960 1197 1050 -coniiciunt
1226 989 1289 1052 VV.

236 1083 337 1186 'bbg
360 1127 537 1188 quamquam
560 1108 686 1170 ior‘tasse
708 1112 796 1169 etlam
824 1108 874 1169 illa
896 1108 990 1169 [orma
1022 1127 1077 1188 pro
1104 1107 1289 1168 substantivo

256 1229 326 1304 poni
349 1228 455 1304 potuit.
508 1228 668 1288 Athenaeus
689 1221 763 1306 476,
789 1247 816 1289 e.
842 1229 880 1286 »in
914 1227 1111 1305 Demiopralis
1143 1228 1288 1305 scriptum

256 1341 424 1406 iniecerat:
446 1347 541 1426 κέρας
562 1343 694 1426 ἔκπωμα
716 1340 871 1427 ἀργυροῦν
891 1347 946 1407 καὶ
967 1344 1148 1425 caporatie
1168 1343 1287 1425 πρόσε-

255 1477 314 1524 στι·
331 1467 472 1540 rocteque
492 1464 551 1524 hoc
571 1464 721 1542 supplevit
741 1462 871 1523 Boeclrh.
894 1465 922 1521 in
946 1461 979 1524 G.
1002 1461 1026 1526 1.
1047 1481 1077 1524 u.
1102 1457 1174 1540 151,
1195 1480 1224 1527 v.
1233 1455 1287 1539 37,

256 1579 305 1640 ubi
329 1585 392 1640 est:
414 1583 510 1664 κέρας
530 1579 663 1662 ἔκπωμα
685 1576 843 1663 ἀργυροῦν
864 1583 919 1642 καὶ
938 1585 1096 1644 πε......ῑ

341 1697 401 1758 Vas
422 1695 513 1759 fictile
534 1717 657 1776 prorsus
687 1700 724 1758 iis
745 1699 858 1781 simile,
892 1715 959 1776 qua
991 1700 1021 1758 in
1043 1700 1123 1758 rasis
1144 1699 1221 1776 picta
1242 1699 1288 1757 vi-

254 1815 364 1892 dimus,
388 1819 502 1876 tantum
534 1834 622 1894 parva
655 1833 727 1876 ansa
759 1818 955 1894 instructum,
972 1833 1025 1875 er
1058 1834 1115 1894 qua
1146 1814 1288 1893 suspendi

255 1933 360 2008 possit,
383 1934 565 2010 conspicitur
586 1953 633 2012 ap.
656 1932 726 1994 Pau.
750 1932 787 2011 V,
809 1928 861 1995 78.
903 1933 961 1994 Sed
983 1935 1050 2012 plus
1072 1934 1180 1994 amavit
1204 1931 1287 1994 Graa-

254 2067 357 2109 corum
379 2051 530 2128 ingenium
552 2051 658 2128 pocula
682 2069 739 2110 oon
762 2053 792 2111 in
822 2055 953 2131 acutum,
989 2053 1093 2113 sedin
1116 2049 1287 2111 animalium

255 2165 362 2245 capita
385 2168 565 2250 desinentia3
604 2169 667 2230 baec
699 2174 796 2229 tamen
830 2187 887 2228 non
917 2187 1060 2230 cornuum
1093 2185 1199 2231 nomen
1232 2169 1289 2228 ba·

255 2284 400 2363 buerunt,
435 2287 486 2346 sed
519 2305 625 2347 eorum
655 2287 825 2348 animalium
855 2306 921 2365 quaa
948 2287 1171 2349 aemulabautur.
1215 2270 1316 2346 ltaec'

254 2405 312 2464 iam
334 2419 425 2480 supra
446 2407 751 2485 commemoravimus,
774 2407 961 2483 vidimusque
978 2406 1056 2466 male
1072 2404 1170 2483 rbytia
1185 2403 1286 2481 appel·

208 2543 210 2552 s
255 2521 309 2581 lari
333 2507 466 2603 (p.58);
489 2523 629 2599 quoniam
650 2523 748 2602 rhytia
771 2529 841 2585 sunt
862 2526 984 2586 incurva
1005 2541 1116 2585 cornua
1138 2521 1287 2601 perloralo

252 2637 379 2716 lastigio.
424 2691 426 2698 s

727 2931 750 3004 ς
770 2923 802 2991 3.

625 3047 820 3118 Cibariorum
843 3072 911 3120 vasa

250 3209 349 3274 minus
371 3218 441 3275 nota
462 3217 566 3274 suut-
590 3212 756 3274 Maior'hio
778 3216 899 3276 testium
925 3214 1035 3293 iuopia,
1067 3211 1156 3274 nullae
1177 3212 1284 3274 torma·

252 3349 317 3392 rum
340 3333 565 3411 descriptiones,
599 3351 665 3416 quaa
697 3333 726 3392 iu
759 3334 873 3410 poculis
907 3332 1055 3393 interdurn
1076 3330 1205 3392 fructum
1227 3330 1284 3390 ali·

252 3467 340 3528 quom
361 3449 532 3511 afferebant.
575 3447 746 3527 Praecipuns
768 3455 872 3511 auctor
893 3455 939 3510 est
962 3448 1067 3509 Pollux
1084 3447 1136 3523 Vl,
1157 3441 1286 3508 84-87

251 3571 282 3628 et
304 3567 345 3645 x,
366 3561 504 3644 80-94,
526 3567 578 3628 sed
600 3568 689 3644 paulo
717 3569 878 3645 turbatior,
911 3585 965 3628 nec
997 3570 1080 3628 certo
1112 3566 1206 3645 gradu
1240 3567 1287 3625 in·

251 3685 370 3746 cedens.

336 3799 496 3864 Constabat
516 3815 608 3863 coena
632 3821 669 3862 ex
690 3821 766 3880 pane
787 3809 818 3864 et
845 3804 987 3866 obsoniis.
1042 3801 1175 3863 Obsonia
1201 3803 1285 3860 erant

252 3934 333 3992 caro,
357 3919 433 3994 puls,
455 3919 522 3982 alia.
555 3919 611 3978 His
625 3919 809 3981 addebantur
829 3923 983 3982 iusculact
995 3922 1076 3981 varia
1088 3919 1285 3979 condimenta.

252 4033 339 4095 llunc
363 4035 452 4111 igitur
476 4052 636 4111 sequamur
657 4011 789 4105 ordinem
813 4039 842 4098 in
866 4041 942 4098 vasis
966 4037 1181 4100 enumerandis.
