2876 4580
714 201 757 266 74

553 518 675 642 tacut
704 521 924 620 secuntum.

222 709 278 781 Dc
295 712 386 782 οακίε
408 713 443 783 in
463 710 584 810 quibam
602 721 880 808 temperanturet
890 723 1082 812 coqrruntm·
1094 714 1258 814 liquores.

692 951 714 1023 ,ς
751 944 780 1008 l.

390 1087 440 1154 De
462 1084 539 1154 vasis
561 1083 591 1154 in
614 1082 727 1180 quibus
749 1093 942 1179 temperatur
963 1085 1078 1156 vinum.

618 1280 647 1345 l.
690 1284 855 1367 Κρατήρ.

306 1433 415 1495 Notum
438 1440 502 1512 esu
535 1437 674 1514 antiquos
696 1435 815 1497 Graecos
837 1442 867 1499 et
889 1436 1039 1497 Romanos
1066 1438 1167 1498 vinum
1190 1439 1256 1516 pie·

221 1572 347 1633 rumque
369 1571 426 1612 non
450 1572 565 1614 merum
587 1553 709 1631 bibisse,
731 1555 783 1614 sed
805 1573 882 1633 aqua
902 1560 1106 1633 temperatum.
1149 1561 1264 1639 Ζωρο-Δ

220 1682 330 1740 ποτετν
350 1685 381 1732 ει
402 1668 634 1754 ἀκρατοποτεῖν
655 1671 803 1733 Thracum
825 1677 856 1732 et
877 1673 1069 1753 Scytharum,
1092 1692 1149 1733 non
1172 1673 1256 1734 Grae-

220 1809 322 1851 corum
346 1808 410 1870 mos
432 1793 497 1850 erat
520 1797 562 1863 (v.
575 1790 717 1851 Herodot.
732 1789 781 1868 Vl,
798 1785 857 1869 813
880 1791 953 1854 Ptat.
968 1792 1041 1870 Leg.
1063 1790 1089 1870 l,
1109 1787 1182 1872 637,
1201 1792 1255 1864 E).

219 1911 278 1969 Aut
306 1908 432 1985 singuiis
460 1909 590 1969 convivis
618 1910 774 1987 temperari
801 1909 906 1986 pocula
928 1910 1079 1986 videmus,
1111 1915 1145 1970 ut
1166 1911 1195 1970 in
1218 1908 1255 1971 ir.

220 2025 414 2105 Xenophanis
436 2043 481 2104 ap.
504 2025 574 2086 Atb.
596 2025 654 2100 Xi,
676 2019 750 2105 782,
772 2042 805 2089 a:

306 2140 388 2210 otta
409 2148 465 2210 κὲν
486 2141 521 2210 ἐν
542 2143 642 2209 κύλικι
663 2145 823 2229 πρότερον
844 2145 990 2227 κεράσειέ
1010 2168 1056 2221 τις
1079 2146 1168 2210 οἶνον

348 2260 467 2345 ἐγχέας,
490 2259 561 2327 ‹itt’
579 2261 671 2346 ὕδωρ,
692 2266 747 2326 καὶ
768 2261 964 2345 καθύπερθε
984 2266 1081 2345 μέθυ.

219 2385 281 2443 Aut
301 2381 440 2443 omnibus
457 2383 587 2444 convivis
599 2384 628 2443 in
641 2400 701 2443 uno
713 2399 819 2458 magno
831 2401 900 2442 vase
912 2383 1130 2461 temperabatur
1141 2383 1254 2453 vinum,

221 2501 350 2578 indeque
361 2500 488 2576 singuiis
510 2499 741 2561 distribuebatur
751 2499 790 2573 *).
833 2500 898 2561 Hoc
913 2519 964 2561 vas
977 2496 1044 2564 α’πὸ
1056 2498 1256 2580 reineccium

220 2618 362 2700 κρατῆρα
384 2617 520 2677 dicebant
543 2615 654 2695 Graeci‚
688 2619 826 2698 idemque
855 2637 960 2679 nomen
984 2619 1109 2678 Romani
1131 2636 1256 2696 recepe-

220 2741 300 2815 runt,
322 2739 436 2796 mutato
453 2735 629 2813 pierumque
640 2737 721 2796 exitu
733 2741 764 2796 et
775 2754 883 2814 genere
900 2735 1034 2798 vocabuli
1058 2741 1102 2809 (v.
1116 2735 1186 2796 isid.
1199 2733 1254 2797 Or.

221 2853 294 2930 XX,
308 2850 355 2927 5).
395 2851 490 2915 Notus
508 2857 642 2915 craterae
661 2871 732 2913 usus
750 2855 808 2914 iam
830 2873 866 2914 ox
885 2853 1032 2932 Homero3
1055 2857 1154 2914 manet
1175 2845 1254 2912 idem

219 2989 274 3050 per
297 2989 400 3032 omnes
421 2970 541 3032 Graeciae
563 2974 677 3048 aetates,
699 2971 777 3050 apud
798 2972 915 3032 Atticos
936 2972 1106 3049 scriptores,
1129 2971 1158 3030 in
1181 2969 1255 3029 Pto·

220 3089 313 3150 temaei
337 3107 459 3167 pompa,
483 3088 560 3167 apud
583 3087 776 3149 Plutarchum
804 3094 835 3149 et
861 3087 1092 3166 Philostratum,
1128 3092 1162 3148 ut
1182 3105 1255 3148 sane

220 3209 313 3268 mirus
342 3207 406 3266 sive
434 3208 691 3282 grammaticorum
719 3208 975 3286 suspectarum,
998 3205 1255 3284 quosexpiicant‚

218 3341 303 3386 error
334 3325 386 3401 sit,
409 3324 459 3402 qui
483 3324 590 3401 iegitur
612 3341 660 3400 ap.
685 3321 759 3384 ΡοΙΙ.
783 3323 835 3398 Vt,
856 3319 909 3400 92,
932 3323 1096 3408 κρητήρων
1118 3303 1176 3382 dici
1199 3318 1257 3406 κῆν

219 3439 374 3524 ἐπίχυσιν,
403 3446 435 3501 et
457 3460 504 3519 ap.
525 3440 670 3520 Hesycb.:
699 3441 832 3518 oirirov,
865 3440 999 3524 σκύφιον
1010 3440 1061 3515 **)
1065 3488 1077 3517 ,
1106 3439 1254 3521 οἰνοχόον

219 3545 360 3641 ἀγγεῖον.
417 3558 507 3620 ΝοΙΙο
536 3561 711 3636 argumento
739 3558 847 3618 clarius
877 3563 1015 3638 apparet,
1049 3576 1138 3636 quam
1169 3560 1253 3636 parvi

218 3679 350 3739 iacienda
383 3679 423 3740 sit
444 3678 702 3756 grammaticorum
725 3677 902 3754 auctoritas,
937 3676 974 3736 ab
1004 3677 1134 3754 ipsorum
1157 3676 1253 3752 scrip·

217 3829 522 3838 ...ω-Ἢν...-

241 3907 269 3971 *)
287 3907 345 3957 Viri.
363 3909 468 3962 Becker.
488 3911 594 3960 cbarict.
614 3911 636 3975 Ι,
654 3924 679 3973 ρ.
698 3907 757 3958 tot.

227 3994 268 4058 **)
289 3993 354 4043 t’ttu.
374 3995 407 4042 Η.
417 3993 448 4043 N.
463 3993 582 4059 XXXVI,
595 3992 677 4057 t,29:
695 3993 818 4056 “Satyrus
836 3998 930 4044 cratera
948 3993 1052 4044 atterius
1069 3995 1139 4044 sitim
1158 3994 1256 4044 sodat”

286 4077 361 4126 Taics
382 4078 487 4127 tortasse
506 4077 554 4128 toci
574 4079 666 4127 erroris
684 4091 761 4128 causa
779 4079 889 4128 fuerunt.
