2876 4580
706 244 751 309 80

214 455 366 536 πρίσματι
380 450 426 526 (l)
456 448 644 536 misrdpmpi
670 442 874 534 ἑδραζομένη,
895 445 962 534 ’ἀφ’
982 443 1021 517 οὗ
1041 455 1096 516 καὶ
1116 450 1248 521 ἑστάναι

213 574 267 633 καὶ
286 569 572 654 μεταχειρισθῆναι
592 565 676 633 ἐστὶν
697 563 776 659 admi
795 567 979 652 πρόχειρον.
1033 569 1109 648 Quae
1142 589 1248 650 quum

214 708 302 769 quam
323 689 418 750 fateor
432 707 481 750 me
503 707 561 748 nun
580 687 755 772 intelligens,
778 692 875 749 temen
890 689 978 767 longe
991 690 1131 751 videntur
1141 690 1247 752 abesse

213 806 374 886 uPolluce,
397 808 447 886 qui
466 807 548 884 dicit,
572 823 630 866 nen
641 805 747 883 pedem
758 805 879 884 hebere,
900 807 953 868 sed
965 803 1246 890 ἄστραγαλλσκους,

211 927 230 986 i.
254 943 280 988 e.
308 924 459 1003 globulos,
493 929 526 985 ut
554 931 635 985 recte
662 923 764 984 docuit
790 923 931 984 betronn.
951 945 984 1005 p.
1006 921 1078 986 612.
1133 923 1245 987 Eadem

212 1043 316 1126 κάρυα
332 1045 468 1104 videntur
484 1040 631 1121 appellate
653 1043 684 1102 in
706 1042 898 1120 inscriptione
915 1041 1043 1124 Seleuci,
1067 1061 1155 1122 quem
1167 1044 1245 1106 idem

213 1162 249 1223 V.
270 1163 306 1224 Ι).
329 1161 415 1223 allert
435 1181 465 1240 p.
486 1154 566 1223 689:
598 1156 720 1244 ψυκτὴρ
741 1157 938 1243 βαρβαρικὸς
958 1159 1246 1246 ludendi-alme...

213 1275 293 1360 ἔχων
314 1275 570 1344 ἄποπεπτωκότα
592 1277 694 1360 κάρυα
716 1275 808 1342 ἑπτά.
828 1311 870 1324 --
896 1277 1019 1356 conten
1040 1280 1167 1342 lentesse
1189 1280 1245 1342 ali·

212 1397 283 1476 quid
305 1397 342 1458 ud
364 1396 488 1458 termam
510 1396 742 1476 intelligendam,
764 1398 843 1476 quod
854 1397 981 1476 legimus
992 1416 1038 1478 ep.
1051 1395 1202 1477 ltnbuss,
1214 1398 1243 1478 b,

212 1514 391 1594 Antiphanis
407 1515 535 1594 equites,
558 1513 699 1593 ephippio
714 1514 875 1614 substratu,
897 1515 1008 1594 pileum
1031 1534 1084 1595 pro
1107 1521 1245 1596 peyctere
1376 1532 1380 1539 ’

211 1633 363 1695 habuisse.
397 1631 512 1695 Clarius
524 1633 657 1711 loquitur
667 1621 853 1713 Hesychius:
876 1631 1071 1710 ndtadnc·
1093 1634 1246 1718 ποτήριον

211 1751 438 1835 ὃκαὶψνκτήρ.
466 1750 608 1812 Celntbus
618 1752 707 1830 enim,
721 1750 1088 1830 cniuslermeexcepitule
1098 1753 1243 1813 columne

211 1865 374 1931 Corintbim
386 1874 455 1932 notu
465 1873 512 1928 est
533 1864 751 1948 (vitr.1v‚l),
774 1885 833 1928 neu
845 1869 943 1932 sulum
958 1870 1055 1930 lenum
1069 1870 1244 1931 mulieribus

210 1986 363 2066 servabat,
396 1985 448 2046 sed
469 1991 533 2047 emt
554 1987 644 2047 etiem
666 1985 725 2046 vini
747 2003 810 2064 ves,
840 1988 966 2048 maxime
988 1989 1017 2048 in
1041 1989 1133 2050 sacris
1153 2005 1244 2048 usur·

211 2109 329 2184 petum3
351 2123 380 2166 v.
402 2105 511 2166 Athen.
533 2101 590 2182 111,
605 2097 686 2181 467,
709 2103 735 2181 l3
759 2103 864 2182 Virgil.
888 2104 987 2168 Bucol.
1009 2101 1041 2186 5,
1063 2101 1122 2168 71:
1144 2103 1244 2166 “Vina

193 2241 318 2284 novum
340 2221 461 2284 lundam
483 2221 738 2282 celetbisbriusin
760 2220 889 2300 neeter”,
911 2228 942 2284 et
958 2225 1138 2304 epigramma
1161 2223 1244 2284 blec·

128 2344 135 2362 ⁸
211 2342 289 2419 tialis
311 2337 394 2418 XIV,
419 2335 481 2399 107
501 2341 538 2400 de
559 2339 699 2401 calutbis:

294 2459 366 2556 Nos·
377 2459 480 2539 satyri,
504 2475 557 2518 nce
579 2457 714 2518 Bacchus
736 2461 825 2535 umet,
848 2475 902 2518 nos
924 2459 1004 2520 ebria
1026 2459 1123 2540 tigris,

337 2573 476 2635 Perfusos
497 2575 608 2636 demini
630 2575 759 2636 lambere
780 2576 867 2637 docte
889 2575 990 2654 pedes.

209 2691 367 2772 Spectetur
392 2693 422 2753 in
444 2688 565 2753 Hercul.
593 2696 623 2753 et
644 2692 747 2772 Pomp.
768 2692 822 2768 111,
843 2689 887 2753 57
908 2692 1033 2773 Satyrus
1055 2713 1122 2756 cnm
1144 2695 1243 2774 ligneo

209 2812 344 2888 celntb03
378 2812 487 2890 saepius
508 2815 680 2888 spectentur
702 2814 825 2873 iuvenes
856 2815 1020 2894 succincti,
1053 2831 1128 2892 quos
1150 2813 1242 2874 Lenes

209 2934 325 3011 putent,
347 2947 364 2990 e
386 2929 493 3010 rbytiis
516 2931 615 2990 vinum
637 2930 666 2988 in
690 2929 822 2992 celetbos
844 2929 1017 3013 fundentes,
1044 2949 1071 2994 v.
1096 2932 1165 2993 ibid.
1188 2929 1242 3011 IV,

210 3044 261 3128 10,
279 3043 341 3130 363
375 3047 427 3126 Vl,
448 3042 499 3108 47.
543 3045 683 3108 Calutbus
705 3064 741 3108 cx
763 3049 867 3127 thyrso
889 3051 999 3127 pendet
1018 3049 1071 3129 lV,
1095 3045 1151 3129 123
1183 3049 1242 3109 eliu

134 3253 137 3258 ἱ
207 3167 345 3246 exempla
366 3183 392 3225 v.
414 3163 474 3245 lll,
495 3159 552 3242 29,
575 3161 627 3226 41.
682 3163 918 3228 Pulcherrimum
940 3168 1091 3247 exemplar
1118 3185 1155 3227 ex
1183 3183 1242 3228 cere

209 3289 291 3346 extet
313 3283 364 3357 Vl,
383 3278 435 3346 71.

291 3401 348 3465 His
380 3401 473 3480 igitur
503 3401 618 3462 similes
649 3400 771 3462 luemnt
799 3406 966 3482 psycteres,
1000 3407 1033 3463 et
1060 3380 1241 3464 Letmnuius

207 3526 360 3600 psycterss
382 3523 467 3598 putet
488 3535 558 3597 eos,
591 3522 644 3598 qui
671 3526 731 3581 tem
758 3519 930 3599 frequenter
956 3523 1182 3600 conspiciuntur
1210 3522 1241 3580 iu

207 3639 287 3698 vasis
298 3640 472 3717 posterioris
483 3642 514 3700 et
524 3636 620 3700 ltalici
631 3640 758 3719 generis,
783 3639 934 3717 inquibus
956 3639 1046 3699 etium
1069 3639 1125 3700 boc
1146 3640 1242 3717 aptis·

206 3758 313 3816 simum
336 3762 400 3837 est,
433 3757 512 3834 quod
536 3773 593 3816 non
616 3758 692 3834 pede
713 3758 766 3818 sed
788 3757 914 3835 globulis
936 3761 1153 3818 sustententur.
1196 3755 1241 3816 Ex

206 3891 312 3950 magne
336 3875 540 3952 exemplorum
569 3888 694 3935 numero
722 3874 850 3935 sulficiet
878 3875 1015 3938 attulisse
1037 3874 1114 3935 blus.
1137 3873 1242 3935 ltluces

206 3991 264 4052 tub.
285 3984 322 4070 93
345 3990 382 4052 cl.
406 3990 528 4052 Punolk.
550 3990 644 4052 liecb.
666 3989 729 4070 Vll,
754 3987 805 4070 14,
828 3994 910 4053 etin
933 3991 1020 4052 Vasis
1040 3989 1242 4068 Englelieldii,

204 4125 272 4185 quae
294 4107 452 4169 delineavit
468 4107 580 4187 Moses,
592 4108 651 4170 tub.
665 4103 713 4168 12.
760 4109 862 4170 Restat
881 4114 978 4172 tumen
998 4111 1103 4171 incerti
1115 4109 1240 4190 aliquid,
