2876 4580
672 225 693 288 7

147 433 309 511 Millingeu
333 435 363 494 iu
385 432 491 496 lnedit.
514 431 657 510 llouum,
681 432 704 510 1,
724 432 783 496 tab.
797 427 890 514 1-3‚
914 451 972 496 uon
993 435 1089 498 solum
1111 439 1194 499 ciue-

150 569 222 630 res,
254 551 308 612 sed
336 553 426 612 etlam
448 569 501 612 sex
522 551 638 612 minora
660 567 730 612 vasa
751 551 989 614 continebantur.
1034 552 1144 616 Verum
1167 558 1194 618 si

151 687 245 732 consa
268 669 359 735 huius
381 669 473 732 moris
494 669 649 750 queritur,
671 669 708 730 ad
728 667 841 730 iontem
863 669 1048 732 redeundum
1069 677 1134 750 est,
1156 673 1194 734 ad

151 790 279 866 antiqua
300 789 351 848 illa
365 789 552 848 mortuorum
566 785 727 868 domicilia,
751 805 828 866 quoe
843 789 895 850 tali
909 789 1077 850 invenimus
1090 793 1194 851 ornatu

152 905 342 986 supellectile
369 908 507 968 securata
534 903 571 966 ad
599 906 798 985 symmetriae,
837 925 929 986 quam
957 906 1052 970 Greci
1080 907 1194 987 dieunt,

152 1025 252 1104 lugam
274 1025 426 1101 disposita.
1024 1011 1031 1028 ’

240 1141 352 1206 Mirum
374 1147 438 1222 est,
461 1143 541 1203 viros
563 1141 669 1204 doctos
691 1159 808 1204 somnio
829 1144 929 1204 studio
951 1143 1081 1205 rodone·
1103 1159 1195 1222 quas·

152 1262 225 1322 darn
253 1261 444 1339 quesitum,
476 1277 542 1338 que
570 1261 790 1323 intercederent
818 1263 897 1323 inter
923 1261 987 1323 hec
1016 1262 1136 1325 rusculo
1163 1268 1195 1324 et

153 1380 425 1457 mortuumipsum.
457 1376 534 1440 Sunt
549 1379 601 1457 qui
622 1383 739 1456 putent,
761 1378 1011 1460 noluissem,
1036 1379 1145 1460 quibus
1162 1381 1194 1442 lu

152 1495 310 1560 funeribus
321 1497 368 1557 usi
379 1501 494 1558 esseut:
518 1496 624 1557 mirans
637 1513 709 1556 vero
724 1498 935 1575 parsimoniam
958 1503 1103 1578 veterum,
1126 1516 1194 1578 quas

154 1632 193 1676 oa
208 1615 328 1675 demum
350 1615 477 1677 mortuis
499 1615 686 1692 concederet,
708 1613 818 1691 quibus
840 1616 898 1676 sivi
923 1616 965 1676 uti
990 1633 1049 1676 non
1071 1620 1194 1695 possent

155 1736 262 1811 utpote
282 1732 386 1794 lunone
406 1733 626 1796 contaminatis.
683 1729 839 1810 vulgatior
867 1749 973 1796 eorum
1001 1735 1104 1814 opinio
1133 1739 1192 1813 est,

155 1852 208 1928 qui
235 1853 385 1934 statuunt,
418 1867 454 1912 ea
481 1849 590 1925 luisse,
627 1850 735 1929 quibus
765 1849 896 1914 defuncti
919 1852 950 1911 in
971 1853 1033 1915 rita
1054 1851 1193 1914 delectati

154 1973 267 2030 essent.
309 1967 441 2030 Affertur
460 1967 589 2030 Vitnrvii
611 1967 694 2028 locus
716 1967 770 2047 lv,
792 1964 821 2030 Ι.
855 1969 972 2047 “Virgo
993 1971 1067 2030 civis
1088 1967 1194 2032 Coriu-

154 2086 220 2148 thia
248 2088 306 2146 iam
333 2092 449 2147 motura
477 2086 588 2164 nuptiis
620 2086 764 2165 implicita
795 2085 899 2148 morbo
930 2088 1069 2150 decessit
1121 2085 1195 2148 Post

155 2204 342 2283 sepulturam
355 2206 431 2278 eius,
453 2202 562 2283 quihus
575 2220 611 2264 ea
634 2205 699 2264 viva
721 2203 837 2282 poculis
859 2203 1071 2283 delectabatur,
1093 2206 1194 2266 nutrix

154 2323 280 2384 collecta
306 2328 339 2383 el
368 2323 532 2400 composita
557 2322 588 2381 in
616 2321 734 2382 calatho
764 2321 887 2399 pertulit
908 2322 944 2383 od
967 2326 1192 2384 monumentum

154 2445 187 2502 et
209 2442 239 2501 in
260 2458 376 2502 summo
399 2439 563 2518 collocavit,
585 2443 627 2518 el,
650 2441 692 2501 uti
716 2457 752 2500 eo
773 2445 982 2517 permanerent
1003 2441 1116 2502 diutius
1137 2440 1194 2502 sul)

159 2525 243 2640 divo,
278 2559 377 2652 tegula
400 2557 502 2620 texit.”
544 2557 692 2635 Apparet,
718 2556 892 2620 ,Vitruvium
913 2560 951 2620 de
972 2557 1061 2637 longe
1082 2559 1195 2622 aliare

156 2675 256 2754 loqui,
292 2681 324 2738 et
344 2678 444 2755 potius
465 2676 645 2738 eontrarium
668 2675 737 2736 iude
759 2675 854 2756 ellici;
898 2695 966 2738 narn
988 2678 1014 2738 si
1037 2676 1088 2738 illa
1110 2677 1194 2755 virgo

155 2794 245 2856 solito
266 2809 349 2855 more
370 2795 486 2873 sepulta
507 2797 565 2872 est,
588 2793 722 2854 dubitare
744 2810 803 2854 uon
824 2811 995 2876 possumus,
1017 2796 1194 2872 quinetiam

156 2911 245 2974 solita
272 2929 342 2974 rusa
370 2913 482 2974 circum
511 2912 576 2972 eius
598 2928 707 2990 corpus
729 2910 884 2974 humatum
905 2913 1049 2991 disposita
1071 2911 1193 2990 luerint,

157 3028 220 3106 ubi,
242 3047 260 3089 a
282 3029 418 3093 Vitruvio
439 3029 591 3103 docemur,
614 3047 672 3090 uon
694 3027 787 3092 fuisse
808 3047 853 3108 en,
877 3028 986 3108 quibus
1007 3031 1074 3090 viva
1095 3029 1194 3090 delec-

157 3151 289 3225 iareim,
324 3147 377 3208 sed
404 3149 434 3208 io
462 3163 578 3208 summo
604 3151 807 3212 monumento.
851 3147 913 3210 Neo
935 3151 1033 3209 tumes
1054 3147 1193 3226 equidem

156 3267 337 3346 negaverim,
360 3267 449 3326 etiam
472 3265 541 3331 tulin
562 3280 633 3326 vasa
656 3283 723 3326 cum
744 3265 891 3328 defunctis
906 3266 1025 3343 sepeliri
1041 3265 1193 3344 potuisso3

156 3383 232 3444 illud
255 3399 347 3462 nego,
379 3383 444 3444 lraec
471 3383 535 3446 sola
560 3382 668 3447 fuisse:
711 3402 780 3444 uum
807 3383 901 3444 mirus
927 3401 999 3444 sane
1027 3382 1083 3444 luit
1111 3398 1194 3442 amor

21 3519 25 3526 ·
157 3517 281 3563 numero
309 3503 553 3582 circumscriptus
586 3508 616 3564 et
644 3502 681 3562 ad
710 3502 892 3580 symmetriae
919 3498 1015 3576 legem
1044 3498 1195 3563 redactus.

241 3619 297 3698 At,
327 3621 483 3701 inquiunt,
516 3638 587 3682 vasu
609 3619 685 3680 dona
706 3618 816 3696 luisse,
838 3619 902 3695 ipsa
924 3634 993 3678 rasa
1015 3616 1193 3694 ostendunt3
1281 3625 1283 3632 ’

156 3754 225 3798 uam
253 3739 284 3796 et
311 3738 452 3816 iuscripta
481 3740 600 3799 nomina
626 3753 768 3816 personas
798 3735 930 3796 indicunt
958 3739 990 3796 et
1021 3740 1194 3810 arguments

155 3855 235 3934 picta
257 3855 440 3932 occasiones,
462 3856 570 3934 quihus
591 3856 655 3918 hec
676 3853 853 3917 munuscula
875 3852 972 3914 olrlota
993 3857 1073 3918 suut.
1116 3853 1195 3915 lluio

156 3971 313 4031 sententias
326 3990 403 4032 uuus
416 3989 501 4034 error
516 3972 640 4035 subesse
660 3974 788 4051 videtur,
811 3972 892 4052 quod
913 3990 971 4032 nou
994 3973 1067 4034 eatis
1089 3973 1194 4032 memi-

156 4090 273 4166 nerint,
309 4106 398 4166 quam
424 4089 476 4150 oili
497 4091 592 4168 prelio
621 4093 768 4154 venierint
798 4091 862 4152 haec
889 4089 990 4153 fictilia
1012 4090 1090 4168 apud
1113 4090 1192 4150 anti·
