2888 4576
729 207 791 274 lffl

648 298 874 308 —ss

722 409 806 483 §L

442 536 491 601 De
514 534 591 601 vasis
614 531 728 626 quibus
750 531 922 603 tunduntur
944 535 1090 627 liquores.

679 725 709 792 l.
752 731 850 805 Χοῦς

245 904 303 948 uon
325 888 407 944 extat
428 883 505 962 apud
526 881 675 944 Pollucem
691 881 755 962 (Vi,
768 877 821 954 19)
845 883 873 942 iu
896 884 1119 945 enumeratione
1141 901 1278 946 vasorum

245 1001 355 1082 quibus
363 1002 500 1063 hauritur
508 1002 625 1062 vinum:
636 995 782 1083 ἆροσνήρ,
795 995 967 1083 α’ρύσννχος,
976 997 1102 1082 ἔφηβος,
1114 999 1277 1087 οἶνὴροσις,

244 1119 365 1202 κοτύλη,
387 1117 528 1204 λοπασνή
540 1099 702 1198 [quercu
725 1117 784 1179 buc
806 1117 962 1197 pertinet),
985 1116 1121 1200 οἰνοχόη,
1144 1117 1278 1194 κύαθος,

244 1237 297 1298 sed
319 1239 441 1316 ponitur
457 1239 614 1301 interrasa
627 1236 735 1314 quibus
757 1241 893 1298 servatur
914 1237 1015 1296 vinum
1033 1230 1168 1315 (usta).
1211 1236 1279 1298 Ma·

244 1355 354 1416 inimus
377 1372 430 1430 uos
445 1358 545 1416 tamen
567 1353 627 1414 hnc
648 1353 762 1415 reterre
781 1357 812 1414 et
834 1357 955 1432 propter
977 1359 1082 1414 nomen
1103 1361 1135 1414 et
1156 1359 1279 1432 propter

245 1489 343 1553 usum,
365 1473 505 1551 quoniam
528 1471 661 1534 tunditur
681 1471 751 1532 inde
772 1473 803 1532 in
825 1473 888 1550 ipsa
910 1471 1035 1549 pocula3
1057 1471 1108 1532 iile
1128 1475 1278 1550 magnitu-

244 1591 343 1652 dinem
365 1595 517 1668 spectasse
537 1581 663 1652 videtur.
718 1589 818 1667 Atque
844 1607 967 1668 magnos
994 1588 1088 1651 tuisse
1109 1584 1179 1664 rode
1197 1588 1278 1670 χόας

245 1707 313 1768 iuda
334 1711 428 1786 patet,
450 1707 632 1784 quodetiam
648 1723 816 1767 mensuram
834 1706 1030 1786 iudicatgbcac
1052 1724 1118 1788 vox,
1140 1710 1278 1784 congium

245 1823 436 1900 Latinorum,
468 1842 522 1884 ser
552 1824 698 1884 sextarios
726 1824 909 1906 capientem3
942 1842 1121 1903 quamquam
1148 1826 1279 1904 graviter

243 1941 398 2018 errauerit,
421 1942 537 2018 siquis
559 1959 593 2004 ea
615 1957 695 2021 rasa,
719 1958 846 2018 quorum
868 1945 987 2003 nomina
1008 1959 1177 2004 mensuram
1199 1943 1277 2003 iudi·

244 2064 329 2140 caut,
361 2077 479 2138 semper
500 2059 641 2120 eiusdem*
655 2060 868 2137 magnitudinis
894 2058 986 2120 inisse
1016 2062 1176 2138 putaverit.
1210 2059 1278 2118 ⁴Fe·

243 2182 325 2239 cerat
345 2179 436 2240 etiam
457 2181 612 2255 poetarum
634 2176 742 2254 aiiquis
764 2177 944 2241 mentionem
958 2179 1039 2258 χοὸς
1056 2174 1202 2254 διξέστοο,
1224 2179 1276 2256 qui

243 2295 364 2356 Snidam
393 2298 422 2357 in
450 2312 520 2356 eum
540 2303 674 2358 errorem
696 2294 828 2373 induxit,
861 2299 895 2356 ut
915 2295 951 2356 ad
974 2313 1010 2356 ea
1031 2294 1119 2356 verba
1141 2299 1275 2357 notaret:

242 2411 317 2494 χοῦς
336 2407 400 2499 γὰρ
421 2409 478 2477 δύο
498 2415 619 2491 ξέσται,
639 2407 731 2494 poesie
752 2409 789 2474 di
809 2413 856 2490 ἐξ,
889 2430 955 2490 qum
976 2413 1127 2474 distinctio
1150 2429 1276 2490 prorsus

245 2529 329 2591 nibiii
351 2534 411 2608 est3
443 2531 514 2608 quin
543 2532 632 2592 etiam
656 2531 829 2592 nominativi
851 2529 945 2592 iorum
964 2529 1056 2612 χοεύς
1076 2531 1277 2609 grammaticis

244 2648 316 2725 ipsis
337 2646 438 2708 deberi
462 2647 586 2710 videtur.

326 2763 414 2839 Χοῠς
434 2767 532 2826 maior
551 2772 633 2847 erat,
666 2784 754 2845 quarn
776 2785 835 2846 qno
857 2785 894 2827 ex
915 2770 1029 2828 cratera
1051 2767 1152 2826 vinum
1172 2765 1276 2826 bauri-
1346 2801 1348 2806 ·
1438 2803 1439 2806 =

243 2886 342 2944 retur:
369 2883 400 2943 in
421 2882 469 2944 his
491 2885 563 2963 ipsis
584 2886 685 2946 urceis
706 2883 929 2964 temperabatur
949 2885 1060 2945 vinnm.
1094 2884 1128 2946 V.
1142 2882 1277 2945 Eubuius

242 3017 290 3078 ap.
311 3000 382 3063 Ath.
405 3001 460 3076 Xl,
482 2997 557 3081 473,
579 3017 613 3065 a:

326 3115 461 3199 κεράσαι
481 3117 632 3198 κελεύσας
652 3116 708 3184 τὸν
729 3119 878 3204 κάπηλόν
897 3143 953 3202 μοι
972 3118 1036 3200 χόα

326 3220 452 3316 ὀβολοῦ,
472 3238 679 3317 παραθεῖναί
699 3234 736 3315 θ’
756 3233 798 3314 ὥς
818 3241 966 3320 μέγιστον
987 3236 1169 3321 κάνθαρον.

241 3351 382 3431 idemque
403 3352 467 3415 deri
489 3354 608 3417 videtur
628 3356 707 3434 apud
730 3357 961 3435 Aristophanem
983 3357 1014 3416 in
1032 3356 1162 3418 Acharn.
1181 3350 1276 3418 1068.

240 3471 340 3549 Atque
361 3470 438 3534 hanc
459 3491 578 3536 causam
600 3473 761 3536 atterebant
781 3473 895 3552 Greci,
928 3493 982 3536 cur
1009 3473 1086 3535 aiter
1111 3475 1275 3537 Antheste·

241 3589 354 3650 riorum
375 3591 439 3652 dies
465 3591 552 3667 Χόες
580 3592 678 3654 dictus
705 3596 803 3668 esset,
837 3589 966 3654 Oresten
996 3591 1149 3654 interiecta
1178 3597 1275 3653 matre

239 3705 372 3769 Athenas
383 3710 510 3790 venisse,
534 3708 684 3771 Pandione
702 3729 773 3788 rege
785 3729 877 3789 quum
895 3713 1021 3773 maxime
1032 3711 1139 3773 Lenaee
1151 3713 1275 3790 agente3

240 3822 292 3900 qui
314 3841 406 3900 quum
427 3844 524 3905 neque
545 3830 686 3890 miserum
708 3829 824 3890 exulem
842 3830 985 3908 repetiere
997 3828 1096 3905 veliet,
1119 3846 1216 3908 neque
1238 3847 1275 3888 ex

239 3941 343 4002 eadem
364 3939 465 4002 bibere
481 3951 592 4004 cratera
606 3963 673 4007 curn
687 3964 734 4024 eo,
757 3949 808 4024 qni
820 3952 943 4008 matrem
955 3946 1164 4025 interfecisset,
1186 3965 1279 4038 suum

240 4059 347 4134 cuique
359 4061 489 4118 convive
498 4058 561 4138 χόα
572 4065 678 4138 apponi
692 4065 816 4123 iussisse
824 4070 866 4136 (v.
881 4065 1021 4126 Schoiad
1035 4065 1087 4124 dr.
1099 4064 1171 4125 Aah.
1180 4061 1271 4137 961).
