2876 4580
635 251 675 316 19

132 457 223 535 pendi
240 462 271 518 et
287 457 427 536 pingendi
450 473 510 534 ars,
533 459 622 516 etiarn
644 456 702 518 hoo
724 475 818 534 genus
839 457 977 518 floruisse
999 459 1171 520 existiman·

132 576 207 636 dum
227 579 284 638 est.
307 573 464 638 Consentit
483 573 547 636 iera
556 573 691 654 Abeiren,
713 577 765 655 qui
783 576 820 654 [i.
832 575 852 657 1,
863 593 894 654 p.
904 570 984 649 Μ)
1002 578 1170 656 antiquiora

132 693 225 755 huius
246 695 364 772 generis
385 711 455 756 vasa
475 693 603 755 Athenis
624 691 757 756 coniecta
779 695 885 756 statuit
903 691 954 756 01.
968 693 1170 774 Lxx-XC3

132 811 214 890 quod
237 815 336 873 autem
351 813 529 892 recentiora,
552 810 677 889 Nolana,
699 813 729 874 in
743 813 808 890 ipsa
821 810 981 892 Campania
993 811 1071 875 iacta
1085 817 1171 892 putat

133 933 182 1008 (p.
201 925 302 1008 W),
323 930 410 992 nobis
432 929 552 1008 quidem
577 930 693 992 ridetur
715 929 820 992 idonea
842 946 931 992 causa
954 946 1071 1009 narem
1102 949 1169 993 nam

133 1047 200 1110 hmo
221 1066 342 1128 quoque
362 1049 390 1109 si
413 1065 480 1108 oum
502 1047 611 1108 Atticis
632 1051 854 1128 comparantur,
876 1049 1006 1112 discerni
1029 1053 1077 1112 vix
1099 1067 1169 1128 pos·

131 1171 220 1243 sunt,
252 1169 299 1227 sio
322 1169 422 1228 autern
443 1183 511 1228 cum
546 1167 666 1244 optimis
693 1183 730 1228 ax
752 1164 855 1228 italico
876 1185 1000 1248 genero,
1034 1186 1100 1229 cum
1122 1170 1170 1246 iis,

8 1355 10 1380 ,
131 1303 201 1363 quaa
221 1287 299 1347 circa
323 1283 455 1347 Plistiam
479 1283 525 1357 (S.
536 1283 653 1363 Agatha
663 1283 709 1346 de‘
722 1283 807 1358 Goti)
832 1286 1034 1365 inveniuntur,
1067 1288 1171 1365 ingens

134 1401 296 1464 discrimen
318 1406 373 1465 est.

218 1516 257 1593 3)
289 1520 425 1582 Tertium
454 1537 548 1599 genus
574 1491 689 1599 reiiqua
718 1524 852 1582 continet
878 1525 956 1602 picta
986 1539 1071 1597 vasa,
1112 1539 1169 1583 ooo

131 1641 251 1717 Attica,
282 1639 334 1699 sed
362 1635 466 1699 italica
498 1639 655 1700 maximam
687 1643 810 1717 partem.
864 1639 1025 1702 Kramerus
1051 1641 1171 1719 quidem

8 1801 9 1808 κ
133 1762 181 1836 (p.
208 1737 268 1816 ida
288 1760 371 1834 sqq.)
395 1758 484 1820 etiam
507 1755 570 1816 trac
592 1757 692 1819 Attica
714 1763 816 1840 putat3
838 1761 885 1820 eni
908 1760 1030 1820 minime
1050 1759 1169 1820 accedo.

8 1839 10 1934 {
133 1874 211 1935 Nam
232 1891 329 1952 neque
351 1875 410 1935 uita
432 1873 540 1936 similia
563 1875 594 1935 in
616 1876 717 1936 Attica
739 1878 859 1938 inventa
881 1881 966 1958 sunt,
990 1881 1020 1937 et
1042 1877 1170 1953 inscrip-

8 1973 9 1994 ’
133 1993 231 2053 tiones
254 1996 314 2054 tam
335 2009 437 2070 paucas
458 1996 539 2072 sunt,
564 1993 638 2052 nihii
660 1998 695 2056 ut
717 1994 843 2074 probare
865 1997 997 2074 possint,
1020 1995 1170 2072 usquein

133 2110 225 2171 rebus
251 2115 282 2170 et
310 2113 493 2188 argumentis
519 2111 681 2189 quidquam
704 2111 888 2173 Athenarum
910 2114 1062 2191 proprium
1085 2129 1171 2189 repe-

133 2231 219 2289 ritur.
275 2225 505 2306 Conspiciuntnr
531 2244 611 2306 saepe
639 2207 910 2308 captennacum,
953 2230 1006 2290 sed
1030 2227 1171 2306 pleraque

132 2317 319 2408 referuntur*
333 2347 371 2407 ad
400 2349 564 2424 elegantem
594 2349 661 2407 vita
690 2348 803 2408 cultum
824 2352 855 2408 et
879 2348 1005 2409 maxime
1027 2346 1063 2406 ad
1086 2344 1171 2406 iomi-

133 2481 240 2528 narum
258 2469 407 2543 ornatum,
430 2470 464 2526 ut
485 2465 558 2528 nihil
580 2465 729 2542 vulgatius
752 2484 840 2544 quam
862 2465 1005 2528 mulieres
1026 2483 1094 2526 cum
1116 2464 1172 2525 ssa-

8 2617 10 2664 ,
133 2582 236 2664 baliis,
260 2599 327 2642 cnm
351 2584 472 2646 scriniis
497 2588 734 2662 unguentorum,
764 2583 929 2662 similibus3
963 2601 1022 2644 non
1044 2601 1112 2644 raro
1134 2583 1170 2644 ad

133 2705 261 2762 mortem
290 2703 321 2761 at
349 2699 460 2760 inforos
489 2700 681 2780 deducimur,
716 2705 750 2762 ut
775 2701 839 2764 haec
869 2719 938 2763 vasa
964 2700 1171 2780 sepulcrorum

8 2857 10 2918 3
132 2835 223 2879 causa
245 2817 320 2878 iacta
342 2817 436 2878 videri
458 2819 585 2897 possint.
625 2819 722 2880 Unum
745 2825 838 2880 restat
858 2819 993 2880 Krameri
1014 2835 1172 2896 argumen-

8 2923 10 2974 i
134 2941 198 2996 tum
220 2953 257 2995 er
279 2936 502 2997 continuatione
524 2937 598 2996 artis
618 2939 762 3018 petitum3
805 2941 891 3014 putat
912 2937 991 2996 enim
1014 2954 1051 2995 ex
1072 2935 1120 2996 iris
1141 2941 1172 2994 et

132 3053 285 3132 prioribus
310 3071 399 3114 unam
429 3053 595 3134 quandam,
631 3073 688 3114 non
722 3057 918 3133 interruptam
952 3052 1029 3116 eifioi
1062 3054 1171 3112 seriem

133 3171 208 3230 artis
229 3173 340 3231 sensim
363 3175 474 3237 snecta
495 3172 531 3232 ad
554 3188 702 3232 summum
724 3172 888 3254 fastigium,
911 3189 1007 3251 eoque
1029 3175 1170 3249 superato

8 3287 10 3372 ᾗ
132 3289 244 3349 iterum
264 3288 482 3352 descendentis.
537 3287 626 3362 Quod
661 3291 745 3351 nobis
776 3291 898 3369 quidem
930 3307 1016 3352 secus
1044 3289 1172 3350 videtur.

8 3409 10 3500 j
133 3406 266 3468 lmmaoe
287 3407 432 3484 quantum
455 3409 596 3481 interest,
631 3409 687 3468 nisi
710 3407 811 3488 failor,
839 3381 919 3469 inter
939 3409 1069 3468 Atticam
1092 3406 1171 3465 iiiam

8 3557 10 3600 p
133 3530 247 3607 artem,
281 3542 350 3604 qum
381 3543 498 3604 semper
521 3517 672 3586 ‘maiorem
706 3526 926 3606 simplicitatem
960 3527 1107 3599 sectatur,
1140 3527 1172 3582 et
1282 3604 1291 3614 .

8 3605 10 3672 3
133 3643 222 3724 hanc,
244 3645 292 3704 cui
308 3643 387 3704 nnita
401 3643 562 3721 figurarum
586 3647 617 3702 et
638 3626 885 3702 ornamentorum¹
900 3640 1068 3716 multitudo,
1091 3639 1170 3701 nulia
1215 3703 1217 3708 ,

8 3727 9 3730 ¹
134 3761 267 3823 notorum
290 3763 418 3823 varietas
439 3764 513 3824 satis
534 3777 639 3838 magua
661 3759 787 3820 ridetur.
820 3759 896 3834 Qum
912 3731 1170 3837 porroiiioaetate,
1228 3816 1238 3836 ,

8 3925 10 3932 ,
108 3883 241 3957 „quarto
263 3879 320 3957 vei,
343 3881 370 3940 si
391 3880 448 3941 hoc
470 3881 572 3956 mavis,
596 3881 685 3940 tertio
707 3875 859 3940 nChr.n.
882 3876 991 3937 wcuio
1013 3880 1097 3937 tanta
1118 3877 1173 3938 do·
1245 3883 1246 3886 ’

133 3998 269 4074 pravatio
290 4001 364 4060 artis
385 3998 492 4058 Atticae
515 3997 639 4074 intelligi
662 3993 782 4075 potasti
825 3994 920 4074 Quasi
944 3995 1017 4056 nihii
1041 4011 1171 4089 uuquam

133 4113 297 4192 perfectius
312 4113 375 4175 iieri
390 4116 522 4192 potuerit
534 4105 623 4192 quam
637 4113 749 4176 Nolana
767 4131 849 4192 vasa,
870 4118 914 4192 ut,
938 4130 1030 4190 quum
1044 4129 1080 4171 eo
1103 4128 1171 4187 per-

933 4227 970 4274 2*
