2888 4576
671 223 733 290 uo
819 229 863 307 s

181 445 303 507 quoque
324 443 442 506 semper
463 444 480 487 a
501 427 567 488 Diis
586 429 765 507 principium
795 432 842 489 est
874 427 998 510 iactum,
1031 435 1062 492 ct
1092 432 1221 510 primum

181 545 315 606 omnium
336 544 483 606 dabantur
508 549 621 624 patere
653 545 779 623 singuiis
813 548 959 623 convivis,
994 549 1074 610 undo
1095 549 1222 610 libarent

182 667 226 735 (υ.
249 661 329 725 Xon.
352 661 454 742 Symp.
477 657 510 736 2,
531 657 590 742 233
613 662 699 725 Pind.
722 662 808 724 Nem.
831 659 863 742 9,
885 659 957 741 51),
989 664 1157 746 libatoque,
1186 671 1221 728 ut

180 781 299 859 opinor,
332 780 447 858 reliqua
480 780 633 841 ebiberent
654 781 740 860 (Aru
763 780 815 861 W,
838 773 910 861 lffl,
939 793 970 842 c:
1005 778 1076 845 ἐπεὶ
1096 778 1130 846 δ’
1150 780 1219 861 ἐξό-

181 919 260 962 πιον
281 893 338 972 τδς
349 896 498 980 φιάλας).
532 896 815 959 commemorandus
837 901 927 959 etiam
948 901 1124 978 propinandi
1145 917 1219 978 mos,

180 1033 209 1077 v.
232 1014 318 1078 Piud.
341 1011 424 1078 017
445 1017 509 1079 init.
531 1020 563 1090 et
584 1013 662 1076 Piat.
683 1013 785 1093 Symp.
806 1009 881 1093 223,
903 1015 937 1092 C,
961 1016 1012 1076 ubi
1035 1016 1174 1078 Socrates
1189 1021 1220 1078 et

48 1181 51 1186 .
180 1132 396 1211 Aristophanes
424 1137 455 1193 et
475 1132 593 1210 Agatho
629 1128 665 1194 διι
703 1131 823 1215 φιάλης
854 1133 959 1194 bibunt
992 1133 1135 1216 μεγάλης
1167 1131 1220 1198 ini

181 1247 282 1328 δεξιά.
325 1250 457 1329 Singulis
479 1255 579 1311 autem
602 1251 729 1310 maiores
740 1252 820 1313 iusto
831 1256 916 1311 orant
927 1254 1046 1328 patena,
1068 1253 1219 1328 quoniam,

180 1372 216 1430 ut
237 1374 284 1431 cst
305 1387 354 1448 ap.
375 1368 448 1430 bib.
470 1367 525 1446 111,
547 1361 628 1447 784,
649 1366 685 1447 δ,
707 1371 743 1432 ολ
773 1364 809 1430 διο
822 1369 942 1454 φιάλης
968 1371 1115 1444 πίνοντος
1141 1366 1220 1433 ὅσον

180 1485 325 1561 θέλουσι,
350 1481 477 1567 τάχιστ’·
490 1481 790 1568 ἀπαλλαγήσονται.
844 1483 948 1564 Quum
968 1503 1040 1546 uero
1070 1487 1219 1563 intempe-

179 1608 281 1665 rantes
303 1604 453 1664 intordum
475 1603 611 1663 homines
634 1620 755 1680 magnas
770 1608 887 1682 pateras
902 1603 1060 1682 siccarent,
1084 1598 1217 1685 ἁθρόοις

178 1720 315 1781 bibentes
336 1724 368 1781 et
389 1716 543 1784 οἷπνουστλ
563 1721 625 1780 sire
648 1715 776 1801 α’μυστλ,
807 1720 956 1782 'ibracum
988 1723 1053 1780 erat
1080 1698 1149 1781 tatis
1170 1719 1218 1780 bi·

178 1838 267 1898 bendi
289 1840 381 1914 ratio,
413 1835 552 1919 ἄμυστις,
584 1854 612 1898 υ.
634 1835 805 1899 Cattimacb.
828 1837 866 1901 tr.
891 1832 970 1916 109,
1013 1835 1087 1898 Hor.
1110 1835 1170 1900 Οδ.
1191 1835 1216 1916 1,

177 1949 231 2033 36,
254 1950 312 2034 14,
334 1956 413 2016 undo
435 1956 524 2014 otiam
546 1971 669 2030 magnas
698 1956 840 2032 quasdam
863 1959 980 2034 pateras
1002 1949 1150 2036 οἶμόστυις
1170 1955 1218 2015 di·

178 2070 295 2148 cebaut,
316 2087 345 2134 r.
366 2071 442 2134 Poll.
467 2070 516 2151 vt,
538 2067 597 2151 97,
620 2070 745 2151 Suidas3
766 2072 865 2149 Etym.
887 2070 928 2134 M.
948 2063 1003 2149 87,
1023 2065 1084 2150 24,
1109 2070 1215 2134 isidor.

178 2186 232 2250 Or.
255 2186 329 2268 XX,
350 2186 383 2250 5.
437 2189 614 2268 Exemplum
647 2191 756 2250 citatur
787 2189 946 2267 Ameipsiae
979 2206 1027 2266 ap.
1060 2187 1131 2248 Aru.
1159 2186 1216 2266 ΧΙ,

181 2299 256 2380 783,
278 2321 312 2368 c:
334 2301 390 2389 την
411 2304 545 2389 ἄμυστιν
574 2305 731 2390 λάμβανε·
753 2306 791 2368 ci.
812 2306 922 2368 Anacr.
945 2305 1005 2368 ibid
1027 2300 1102 2381 475,
1124 2324 1150 2366 c.
1175 2337 1215 2350 -

182 2421 257 2500 Picti
278 2423 307 2482 io
330 2424 408 2484 rasis
429 2425 655 2502 conspiciuntur
676 2442 712 2486 ex
734 2425 845 2503 potoris
867 2423 1013 2501 bibentes,
1036 2425 1071 2483 ut
1091 2415 1215 2484 Bu'oker.

178 2537 268 2602 Char.
289 2540 349 2603 tab.
362 2535 395 2621 3,
409 2536 425 2600 l
438 2545 470 2601 et
480 2534 513 2614 2,
536 2559 590 2601 occ
612 2540 672 2601 ntia
690 2542 720 2600 in
746 2541 877 2619 antiquis
897 2540 1098 2601 monumentis
1120 2541 1229 2617 imago¹

178 2657 363 2736 trequentior
385 2663 432 2719 est
453 2676 542 2736 quam
564 2657 731 2734 libentium.
774 2657 888 2720 Eadem
909 2658 946 2718 de
967 2675 1057 2718 causa
1080 2656 1217 2718 credide·

179 2776 235 2836 rim
267 2775 398 2836 Deorum
429 2779 544 2836 statuas
575 2779 693 2852 pateras
730 2781 849 2852 tenere,
892 2776 977 2854 quasi
1017 2770 1217 2848 σπευδούσας

179 2891 430 2973 πλουθυγιείαν,
463 2897 495 2954 ut
527 2892 738 2971 Aristophanis
770 2896 838 2953 utar
868 2891 960 2952 verbo
999 2909 1035 2952 ex
1061 2890 1164 2970 Equit.
1188 2908 1216 2952 v.

179 3005 273 3072 roor.
1180 2983 1182 2987 ’

143 3183 145 3190 .
263 3128 310 3203 Εἰ,
333 3130 385 3206 qui
406 3147 443 3190 ex
465 3133 567 3207 patera
579 3128 733 3201 libaverat,
754 3129 864 3189 autcui
876 3128 1118 3207 propinataerat.
1136 3101 1216 3206 sepe

178 3246 256 3305 dono
283 3245 424 3325 dabatur,
446 3263 475 3306 v.
499 3244 583 3306 Pind.
606 3244 656 3306 01.
679 3241 711 3326 7,
734 3246 818 3326 iuit3
840 3245 893 3306 Ar.
916 3243 985 3306 Pac.
1006 3240 1088 3307 424:
1112 3233 1217 3326 δῶρου

177 3359 292 3444 δίδωμι
313 3357 411 3446 τήνδ’,
433 3367 490 3427 ἵνα
511 3359 662 3428 σπένδειν
681 3359 762 3452 ἔχης·
783 3360 838 3423 Ar.
849 3356 931 3440 975,
953 3361 1157 3441 Hippolochus
1167 3380 1216 3440 ap.

177 3479 247 3542 btb.
270 3479 327 3559 iV,
358 3473 437 3560 128,
470 3497 497 3541 ο.
550 3480 682 3558 Antiquo
716 3484 849 3557 tempore
879 3484 990 3557 paterae
1021 3481 1216 3540 certaminum

177 3600 301 3676 prromia
334 3598 592 3678 proponebantur,
625 3602 660 3658 ut
691 3614 739 3676 cp.
771 3595 861 3657 Hom.
884 3594 920 3656 li.
952 3606 993 3678 ψ,
1014 3591 1096 3676 2703
1129 3595 1214 3657 Piud.

176 3713 282 3776 isthm.
306 3711 336 3795 1,
362 3709 420 3780 18;
456 3711 493 3778 λν
525 3709 724 3780 toccum
738 3716 846 3794 ιθίγον
878 3711 1035 3780 nummo
1070 3709 1213 3794 ἀγόνων,

177 3836 233 3895 καὶ
253 3831 457 3916 τριπόδεσσιν
479 3830 659 3917 ἐκόσμησαν
681 3828 783 3912 δόμον
805 3834 860 3894 καὶ
881 3827 1042 3912 λεβήτεσσι
1063 3829 1214 3914 φιάλαισί

177 3973 210 4013 τε
230 3952 357 4032 χρυσοῦ,
389 3949 554 4031 γευόμενοι
575 3948 743 4034 στεφάνων
766 3946 963 4032 νικαφόρων.
1017 3946 1049 4009 ln
1084 3949 1213 4009 Deorum

177 4071 277 4128 autem
301 4068 418 4146 templis
441 4068 670 4130 innumerabiles
693 4085 815 4146 prorsus
837 4067 979 4128 dedicate
999 4070 1085 4127 erant
1105 4069 1213 4143 paterae
