2888 4576
739 231 800 298 124

1437 309 1438 372 i

251 432 360 517 simus,
394 415 557 517 praesertim
590 455 682 517 quum
714 457 750 500 ex
785 445 843 502 tam
879 445 990 500 remota
1024 442 1202 518 antiquitate
1235 459 1290 504 neo
1435 413 1438 548 ἰ

252 557 411 635 figulorum
439 575 495 620 noo
528 557 712 635 sculptorum
742 575 831 636 opera
862 551 1034 637 superesse'
1050 560 1221 640 videantur,
1252 578 1290 620 ue

252 677 351 740 omnia
373 674 598 755 confundamus,
619 693 740 755 agemus
762 677 890 754 primurn
913 677 950 740 de
971 679 1009 738 iis

458 876 487 941 l.
534 876 619 956 Quor
640 883 794 951 Homeri
811 882 968 962 proprio
989 873 1092 940 aunt(

340 1028 367 1092 1.
408 1034 543 1107 Δέπας
570 1034 648 1110 apud
671 1033 834 1096 Homerum
861 1051 1019 1096 commuue
1040 1034 1172 1094 omnium
1193 1051 1288 1112 poeu-

255 1151 350 1210 torum
372 1167 478 1210 nomeu
500 1167 568 1210 esse
588 1150 716 1226 videtur,
749 1153 818 1214 iude
839 1152 980 1231 frequens
1002 1151 1074 1214 iliud
1097 1149 1199 1225 δέπας
1220 1146 1288 1233 ἆμ-

251 1266 464 1350 mansuetior,
497 1275 528 1330 et
554 1269 634 1346 quod
666 1271 787 1348 proprie
820 1269 952 1334 ἄλεισον
980 1275 1045 1332 erat
1072 1271 1164 1332 etiam
1185 1267 1289 1344 δέπας

253 1388 373 1467 dieitur,
396 1405 423 1448 v.
446 1385 546 1466 θὼρ,
567 1383 621 1464 40,
642 1382 697 1460 50,
719 1382 773 1467 63,
796 1392 826 1450 et
845 1411 876 1468 χ,
898 1383 931 1467 9,
950 1383 1052 1450 17.-
1076 1388 1121 1450 De
1142 1405 1199 1450 usu
1221 1389 1287 1450 eius

253 1505 366 1566 indices
377 1504 821 1569 Homericosexaoriberenolo.
863 1505 959 1567 Mirus
971 1510 1017 1565 est
1027 1507 1287 1583 grammaticorum

251 1640 337 1683 error
358 1622 551 1696 (uEustath.
574 1624 610 1686 ad
633 1622 666 1686 11.
676 1646 709 1705 μ,
723 1643 751 1702 p.
762 1619 837 1702 909,
861 1619 927 1702 17),
951 1623 1032 1702 quod
1055 1624 1176 1686 tradunt
1195 1626 1287 1688 etiam

250 1738 398 1823 οἰνοχόην
426 1746 457 1801 et
490 1740 651 1826 οἰνήρυσιν
682 1742 883 1820 significasse,
917 1741 1024 1802 tatibus
1057 1742 1170 1804 inducti
1202 1742 1286 1820 tonia,

252 1859 349 1937 quatis
377 1862 423 1918 est
444 1858 478 1920 11.
502 1871 540 1937 ου,
561 1855 640 1920 219:
672 1863 803 1942 χρυσέου
834 1858 869 1924 έιι
896 1861 1045 1945 κρητῆρος
1076 1855 1159 1926 itata
1184 1857 1288 1935 δέπας

253 1974 498 2060 ἀμφικύπελλον
508 1977 599 2043 οἶνον
611 1971 836 2062 ἀφυσσάμενος
855 1977 997 2061 χαμάδις
1015 1981 1079 2060 χέε.
1112 1977 1174 2040 Nee
1185 1978 1287 2040 Aueia-

252 2097 347 2176 piane
380 2097 559 2158 eredendum
597 2113 645 2174 ap.
674 2097 746 2159 utu.
771 2097 831 2174 xt,
853 2091 934 2176 783,
966 2116 994 2159 a.
1027 2093 1189 2180 φιαλῶδες
1218 2112 1287 2158 esse

252 2215 382 2295 donanti,
404 2217 474 2294 quia
490 2215 557 2274 inda
578 2214 715 2290 libarent,
738 2215 822 2292 quasi
845 2233 903 2276 nou
923 2221 957 2276 et
978 2235 995 2275 a
1017 2214 1177 2276 carchesiis
1197 2219 1230 2278 et
1250 2232 1288 2276 er

229 2333 319 2394 xaliis
339 2332 495 2411 quibusvis
517 2331 632 2413 populis
661 2331 784 2395 libatum
806 2335 857 2396 ait,
906 2333 1038 2397 Panoika
1060 2332 1162 2410 δέπας
1182 2332 1287 2410 appet-

252 2451 324 2511 iavit
346 2451 455 2522 (Rech.
477 2449 515 2524 ii,
538 2445 612 2525 47),
645 2451 697 2528 qui
719 2451 878 2514 cantharus
899 2453 1033 2524 videtum
1063 2470 1164 2514 aarum
1194 2451 1287 2528 magis

254 2570 357 2641 miror,
369 2573 581 2646 amputasse,
594 2587 627 2630 se
638 2567 775 2630 Nestoris
787 2569 925 2648 poouium
937 2569 1049 2647 fingere
1061 2587 1149 2648 posse
1157 2567 1211 2644 (11,
1224 2563 1287 2628 1114

199 2673 203 2679 ’
251 2691 282 2745 et
295 2681 384 2768 105).
419 2686 619 2764 Antiquorum
631 2667 751 2763 quidem
764 2687 849 2748 multi
861 2691 891 2748 et
902 2685 984 2764 figuti
997 2688 1216 2765 etgrammatici
1227 2686 1286 2747 hoo

251 2803 388 2864 fabricari
411 2807 509 2865 conati
532 2805 625 2865 muita
647 2805 847 2883 disputarunt,
870 2804 978 2883 quibus
996 2804 1068 2865 nihii
1081 2807 1210 2883 ineptius
1221 2803 1287 2866 fieri

252 2923 354 2999 possit
398 2922 512 2984 Euctus
534 2941 581 3001 ap.
592 2920 722 2984 Martini.
735 2922 815 2999 vut,
832 2919 865 3003 6,
883 2920 906 2982 9
928 2923 1070 2998 gloriatur
1092 2923 1121 2981 in
1143 2939 1197 2983 sua
1219 2939 1287 2982 ease

251 3041 455 3118 possessione,
487 3039 649 3112 Athenaeus
671 3044 772 3102 autem
793 3040 871 3117 (xi,
893 3032 974 3118 781,
997 3040 1032 3112 d)
1063 3036 1098 3106 ιδ
1120 3042 1287 3122 Νέσωρος,

251 3161 367 3238 inquit,
399 3157 552 3240 ποτήριον
572 3156 688 3221 nnttnt
709 3155 933 3241 κεραμεύουσι·
964 3157 1109 3222 πλεῖστοι
1129 3152 1193 3240 γάρ
1214 3159 1291 3239 περὶ

250 3273 348 3342 αὖιοῢ
369 3275 625 3358 συνεγράψαντο.
677 3275 756 3350 Quae
777 3277 803 3336 si
826 3278 894 3355 quis
915 3283 1012 3356 amat,
1044 3277 1123 3354 tegat
1152 3275 1286 3337 eiusdem

217 3475 220 3482 .
251 3396 435 3473 grammatici
448 3413 497 3474 pp.
508 3387 687 3456 ueta-494.
731 3394 765 3454 lu
778 3394 887 3454 tatibus
904 3412 961 3454 nou
977 3395 1064 3456 donet
1079 3412 1184 3456 eorum
1196 3395 1287 3454 vesti·

249 3515 297 3590 gia
325 3531 478 3594 premere3
512 3513 634 3573 Homeri
659 3511 750 3572 verua
781 3512 958 3590 simpliciter
979 3513 1169 3591 intelligenda
1188 3516 1287 3589 .eunt;

251 3637 389 3694 noeurata
411 3632 504 3692 forma
527 3635 560 3692 ut
580 3630 771 3707 ostendatur,
801 3629 868 3690 fieri
889 3648 948 3693 nou
971 3636 1080 3710 puteat.
1124 3630 1200 3692 Sunt
1223 3629 1288 3690 Ho-

250 3751 324 3808 meri
347 3767 450 3808 versus
471 3752 518 3823 (in
542 3748 576 3810 11.
592 3748 621 3823 λ,
639 3741 707 3806 632
727 3751 812 3825 sqq.)
833 3747 882 3810 hi:
980 3791 990 3798 -

293 3861 370 3945 Πδρ
392 3863 429 3928 δὲ
453 3865 555 3940 δέπας
575 3864 773 3947 περικαλλές,
797 3864 973 3930 &danaen
993 3861 1080 3950 ἧγίἱ
1103 3865 1248 3949 γεραιός,

291 3984 445 4064 χρυσείοις
466 3981 568 4064 ἥλοισι
589 3985 806 4063 πεπαρμένον·
829 3981 931 4048 οὔατα
953 3980 987 4046 δ’
1008 3980 1107 4050 αὐτοῦ

294 4093 419 4178 τέσσαρ’
439 4095 526 4173 ἔσαν,
549 4096 637 4162 δοιαὶ
658 4096 694 4160 δὲ
716 4098 886 4175 πελειάδες
909 4099 1007 4183 α’ριφὶς
1029 4104 1162 4165 έιιασσον
