2888 4576
665 229 730 294 issi}

581 313 814 324 σ-ι-ι-ι-ι-ι

179 431 241 500 εἴτ’
262 435 329 518 ἄρα
343 434 462 499 Νείλου
481 429 624 518 προχοὰς
643 425 769 497 dudm
786 437 935 515 χρυσέαις
955 431 1115 518 dodrantis
1135 436 1217 520 πρό·

174 569 294 636 χουσιυ.
318 551 503 633 conorari,
520 547 575 614 46.
618 548 739 624 xum
749 550 886 632 πρόχους
896 557 942 614 ost
953 551 989 614 ir.
999 553 1217 617 hnarandridis

178 690 225 751 ap.
247 671 319 734 Ath.
350 663 505 750 rv,131,
537 685 566 731 v.
586 663 640 732 26.
697 668 765 728 Vini
795 686 846 730 vas
873 674 920 731 est
947 671 1026 748 apud
1048 671 1135 734 Hom.
1158 671 1217 734 Od.

179 805 210 866 o,
227 783 311 851 398:
336 784 355 854 ὁ
377 783 410 852 δ’
430 782 485 870 ἄρ’
505 784 652 868 οίυοχόου
672 783 755 868 βάλε
775 793 868 868 χοῖροι
890 784 1057 871 δεξιτερήν,
1079 789 1216 872 πρόχοος

179 904 216 970 δὲ
234 907 340 988 χόμαι
360 905 503 988 βόμβησε
524 905 681 970 πεσοῦσα·
704 905 776 964 item
798 905 828 964 in
851 903 1068 967 inAntirnnohi
1083 924 1131 986 sp.
1144 908 1216 971 Aru.

73 999 75 1006 Ι
180 1023 234 1102 xl,
255 1018 334 1103 468,
357 1024 387 1084 b.
410 1028 442 1084 et
464 1022 544 1084 ionis
566 1022 636 1085 ibid.
657 1015 733 1100 496,
754 1039 782 1098 n,
807 1023 858 1100 qui
879 1021 970 1084 hahet
990 1021 1116 1086 formam
1136 1047 1216 1109 προ·

176 1139 293 1224 χότχυ,
329 1142 409 1220 quod
442 1143 517 1202 miro
549 1140 707 1202 admodum
739 1139 911 1202 Simnristus
943 1145 1154 1220 grammaticus
1186 1148 1215 1204 et

178 1259 341 1320 Atheoaeus
361 1257 494 1341 ἔκπωμα
515 1275 582 1319 esse
604 1256 778 1338 voluerunt;
811 1258 882 1336 quin
911 1259 1001 1319 etiam
1027 1257 1085 1321 hoo
1107 1260 1215 1322 contir-

178 1378 253 1437 mari
276 1380 381 1454 putant
401 1374 611 1455 Xenophontis
634 1375 731 1436 verbis
752 1376 782 1435 in
805 1372 911 1454 Cyrop.
936 1373 1015 1454 vm,
1036 1371 1069 1457 8,
1093 1372 1150 1440 10:
1175 1372 1216 1461 ἦν

178 1489 284 1568 αὐτοῖς
311 1491 448 1576 νόμιμον
474 1491 556 1576 μηδὲ
576 1490 752 1576 προχοίδας
773 1481 992 1575 εἰσφέρεσθαι
1007 1492 1053 1569 οἷς
1074 1490 1114 1558 roi
1135 1509 1214 1578 συμ-

144 1640 151 1649 ·
176 1612 288 1687 πόσια,
309 1611 360 1672 uhi
383 1609 540 1672 manifesto
556 1585 935 1692 signiiioanturoinoxdaor
956 1609 1117 1672 notuerunt
1132 1613 1213 1672 enim

178 1733 377 1809 temperantes
387 1729 534 1807 homines,
556 1726 661 1808 poeula
678 1727 906 1805 semperdenno
919 1727 1043 1806 impiari.
1066 1726 1111 1790 ct.
1123 1729 1214 1790 etiarn

177 1833 287 1926 cynon.
313 1845 350 1926 V,
376 1840 413 1926 2,
446 1841 483 1925 73
516 1844 684 1908 Clitarchus
710 1861 758 1924 ap.
780 1840 960 1926 nundum
983 1862 1017 1926 o;
1051 1845 1213 1925 Sophocles

177 1967 276 2043 Antig.
297 1981 327 2026 v.
348 1958 428 2028 430:

302 2078 338 2158 ἐξ
357 2075 540 2167 εὐκροτήτου
558 2079 699 2162 χαλκέας
720 2077 823 2161 ἄρδην
842 2077 963 2160 πρόχου

300 2207 407 2280 χοαίσι
429 2194 649 2281 τρισπόνδοισι
670 2197 727 2263 τόν
747 2199 840 2260 νέκυν
860 2199 976 2280 στέφει.

41 2382 44 2389 ,
175 2317 274 2377 Etiam
305 2316 363 2376 olei
396 2333 448 2376 vas
476 2315 548 2391 init,
582 2323 616 2377 ut
645 2315 770 2376 Suidas:
804 2312 945 2398 λήκυθος
966 2310 1000 2378 τό
1022 2312 1212 2397 προχοόέιου

176 2428 269 2515 παρὰ
290 2428 325 2496 τό
346 2430 459 2496 ἔλαιον
479 2429 622 2498 nodoso.

562 2630 595 2696 4.
636 2629 833 2716 Ἐπίχυσις

79 2815 83 2824 ·
174 2786 237 2847 iere
258 2787 336 2848 idem
358 2785 544 2864 significasse
565 2786 692 2866 videtur,
714 2787 766 2848 sed
789 2790 836 2848 est
857 2803 914 2847 vor
935 2784 1085 2848 interioris
1105 2789 1210 2848 rotatis.

175 2902 275 2964 Primo
297 2903 445 2984 significat
467 2905 562 2982 ipsam
584 2902 763 2965 infusionem
786 2902 924 2981 liquoris,
948 2907 980 2964 et
1000 2908 1115 2964 narium
1136 2903 1211 2966 liha-

175 3023 265 3083 tionis
287 3040 382 3100 genus
408 3023 437 3082 io
466 3021 610 3082 honorem
643 3021 769 3082 aiiouius
801 3024 993 3100 susceptum,
1026 3021 1063 3080 de
1096 3039 1156 3100 quo
1183 3039 1210 3083 v.

174 3139 423 3218 Schweighduser
435 3139 471 3200 ad
483 3139 553 3201 hth.
566 3137 617 3218 iV,
631 3134 709 3219 1623
733 3142 796 3199 tum
815 3145 845 3199 et
861 3155 927 3200 eam
938 3142 1052 3218 partem
1063 3139 1151 3218 vasis,
1174 3157 1211 3199 ex

174 3275 235 3336 qna
263 3257 425 3320 effunditur
451 3256 566 3336 liquor,
599 3261 633 3316 ut
663 3257 693 3316 in
723 3255 759 3316 ir.
788 3256 997 3334 Aristophanis
1029 3273 1075 3335 ap.
1099 3254 1212 3318 Poiiuo.

177 3370 318 3452 x‚109:
341 3371 483 3456 ἐπίχυσις
510 3371 564 3438 τοῦ
581 3370 715 3455 χαλκίου
736 3403 777 3416 --
799 3389 979 3450 quamquam
1001 3374 1213 3450 grammaticus

174 3493 211 3557 ἐν
238 3492 299 3556 τῶν
318 3491 515 3572 μαγειρικόν
545 3491 663 3556 σκευῶν
694 3507 760 3550 esse
793 3492 896 3568 putat3
930 3489 990 3549 imo
1024 3486 1212 3571 τοί-χαλκίον

176 3627 226 3671 vas
249 3613 304 3687 est,
326 3602 345 3691 ἢ
366 3606 507 3690 ἐπίχυσις
527 3625 596 3687 pars
618 3609 700 3686 eius,
731 3623 821 3685 quam
844 3623 898 3667 nos
920 3606 1046 3668 dicimus
1068 3604 1211 3668 “Tuder”

174 3731 268 3786 -et
296 3743 346 3786 urs
373 3727 470 3805 ipsum
498 3743 533 3785 ex
562 3742 622 3803 quo
650 3723 800 3802 iunditnr3
832 3743 860 3788 v.
884 3722 1038 3802 Phylarch.
1066 3742 1114 3802 ap.
1139 3724 1210 3788 ath.

173 3842 228 3922 iv,
250 3836 323 3920 142,
344 3843 380 3906 d:
402 3838 422 3926 ἡ
443 3838 479 3906 δ’
500 3840 638 3924 ἐπίχυσις
656 3839 774 3924 χαλκῆ,
807 3846 838 3903 et
866 3840 1028 3902 Menander
1055 3841 1126 3904 ibid.
1155 3841 1211 3921 xl,

173 3954 294 4040 484,d:
316 3958 377 4044 ἤδη
393 3955 429 4023 d’
445 3957 591 4043 ἐπίχυσις
613 3956 763 4025 διάλιθοι
774 3959 948 4044 λαβρώνιοι
958 3980 987 4024 ιι.
995 3958 1058 4024 τί..
1101 3958 1211 4022 Susce-

174 4084 282 4156 perunt
303 4096 411 4140 nornen
428 4077 576 4158 ¹Romani,
598 4080 646 4140 vid
677 4078 771 4141 Piaut.
788 4079 865 4142 noo.
890 4079 925 4157 V,
947 4072 1054 4157 2‚.3‘.',
1076 4084 1105 4138 et
1118 4077 1212 4137 Varro
