2888 4576
709 199 752 266 9⁶2

212 409 268 469 boc
291 425 397 470 nomen
414 405 538 468 Grucuii
561 405 680 484 quidam
704 405 860 481 repborum
882 403 1075 466 fabricatores
1096 404 1133 465 ad
1155 405 1250 482 signi-

212 527 325 588 beanda
337 525 463 585 miliaria
474 523 688 602 Romanorum,
711 524 790 583 irrisi
811 522 850 584 ob
872 541 937 584 earn
959 541 1022 582 rem
1043 522 1081 583 ab
1102 522 1249 584 Athenaeo

213 643 270 724 iii,
293 635 354 723 98,
375 661 403 719 c,
425 649 457 704 et
478 661 496 704 a
518 641 650 702 Lucieno
672 642 701 701 in
725 640 889 721 Leaiphan.
911 633 942 701 8.
987 640 1102 702 Nomen
1124 642 1251 720 simplex

212 767 243 823 et
264 763 415 840 vuigatnm
438 765 485 821 est
505 757 701 844 θερμανιήρ,
723 760 802 837 quod
822 761 921 838 primo
935 758 1001 820 ioco
1023 758 1194 839 poniiPoii.
1206 760 1249 840 X,

210 877 254 940 66
282 881 311 940 in
340 879 548 940 enumerandis
577 879 672 957 vasis,
705 874 741 942 ἐν
768 873 815 952 οἷς
844 879 1057 959 θερμαίνεται
1084 873 1120 941 τὸ
1147 874 1251 960 ὕδωρ,·

212 1017 249 1058 ex
281 1016 341 1058 aere
372 996 482 1058 iactum
518 995 678 1056 vocabatur
714 996 804 1056 etiam
838 993 974 1076 χαλκίον
1011 995 1251 1080 θερμαντήριον

212 1115 304 1208 (rori.
328 1115 348 1176 Ι.
371 1115 424 1197 i.);
451 1115 538 1193 quale
560 1115 728 1181 dedicatum
750 1117 815 1174 erat
835 1113 951 1190 AE'ginaa
973 1114 1002 1172 in
1026 1114 1136 1191 templo
1159 1112 1250 1191 lovis,

213 1235 264 1312 qui
287 1238 426 1313 putatur,
449 1234 649 1312 pannariam,
677 1247 705 1294 u.
729 1233 834 1294 titulus
855 1247 872 1292 a
894 1229 1090 1292 Brdodstedio
1113 1235 1250 1310 repertus

214 1371 241 1412 v.
264 1347 306 1411 14
324 1351 461 1425 (Mulier.
484 1352 613 1431 AEgiuet.
637 1371 666 1432 p.
690 1347 767 1432 1603
789 1349 920 1413 Boeckb.
943 1348 977 1411 C.
999 1349 1022 1412 Ι.
1046 1369 1074 1412 n.
1097 1344 1206 1422 2139).

615 1501 847 1514 ..unna—ufl—

691 1603 714 1676 9
735 1595 766 1664 3·
1041 1645 1060 1681 .

267 1747 315 1812 Dc
337 1741 373 1811 iis
396 1740 509 1835 quibus
531 1737 772 1832 imponebantur
794 1749 940 1832 craterae,
963 1738 1095 1832 lebetes,
1117 1739 1198 1810 oiiae.

529 1899 558 1968 l.
597 1899 923 1990 Ὑποκρατήριον.

298 2059 436 2124 Crateras
448 2074 507 2119 uno
519 2058 579 2119 aito
591 2057 666 2135 pede
677 2058 817 2119 subnixas
828 2076 917 2136 supra
934 2051 1249 2137 vidimustp.83sq.);

213 2198 316 2241 rerum
337 2179 386 2240 ubi
411 2177 498 2239 latior
518 2177 583 2236 erat
605 2175 749 2256 ambitus,
783 2177 930 2238 interdum
959 2181 1021 2237 tres
1043 2176 1133 2254 pedes
1155 2178 1250 2254 magis

213 2299 370 2360 convenire
392 2295 578 2356 ridebantur.
611 2292 866 2355 Commemoratur
886 2295 923 2354 ab
944 2293 1098 2354 Herodoto
1119 2288 1174 2374 IV,
1187 2289 1251 2353 152
1319 2364 1322 2369 Δ

213 2415 504 2476 Lacedaemoniorum
517 2416 634 2474 cratera
646 2412 741 2474 tribus
752 2413 920 2490 gigantibus
931 2416 1113 2490 sustentem
1124 2410 1249 2472 etPom-

145 2611 148 2620 y
214 2534 288 2611 pciis
304 2532 422 2591 inventa
435 2533 568 2610 quaedarn
582 2531 687 2602 (Herc.
700 2536 731 2591 et
741 2528 844 2609 Pomp.
859 2531 910 2609 Vi,
926 2525 984 2605 64)
996 2530 1092 2591 tribus
1113 2529 1249 2608 sphingi·

212 2649 268 2709 bus
291 2653 434 2728 portatur.
478 2648 536 2709 Sed
562 2649 625 2709 hacc
652 2666 721 2709 cum
752 2651 814 2729 ipsa
847 2653 962 2711 cratera
990 2651 1147 2709 coniuncta
1167 2653 1250 2710 sunt.

213 2766 366 2828 Interdum
387 2785 457 2828 vcro
480 2771 592 2828 cratera
608 2785 729 2845 prorsus
747 2768 823 2846 pede
840 2783 945 2829 carens
967 2767 1111 2846 peculiari
1133 2766 1251 2827 cuidam

156 2895 159 2900 '
212 2886 276 2946 basi
297 2886 334 2946 ad
356 2887 385 2947 id
409 2888 505 2965 ipsum
528 2885 612 2946 iactae
634 2886 805 2964 imponitur.
837 2885 910 2945 Teio
930 2878 1167 2968 ὑποκρατήριον
1189 2884 1250 2944 ier-

213 3021 297 3064 reum
329 3022 396 3065 cum
430 3008 543 3065 cratera
575 3007 715 3080 argentea
741 3003 863 3082 Delphis
895 3003 1082 3064 dedicaverat
1113 3002 1250 3081 Alyattes

213 3139 275 3198 rex,
300 3121 515 3194 nobilissimum
533 3120 636 3182 Glauci
649 3137 736 3199 opus.
759 3122 837 3200 quod
849 3120 993 3186 Herodot.
1007 3120 1032 3202 1,
1054 3117 1098 3182 25
1118 3122 1162 3182 ait
1184 3137 1251 3180 esse

214 3241 295 3320 θέης
322 3237 415 3315 ἄξιον
444 3235 500 3302 did
528 3237 659 3304 πάντων
684 3239 746 3302 ταῖν
774 3235 810 3301 ἐν
830 3239 985 3323 Δελφοῖσι
1014 3235 1249 3320 danupsiam,

213 3357 374 3420 Pausanias
396 3361 494 3417 autem
517 3357 565 3434 X,
594 3352 635 3416 16
655 3359 722 3418 init.
750 3358 916 3418 accuratius
944 3356 1097 3418 describit.
1124 3356 1250 3440 Σχῆμα,

214 3476 320 3554 inquit,
343 3475 397 3540 τοῦ
416 3470 628 3559 ὑποθήματος
649 3470 732 3536 κατὰ
754 3473 876 3556 πύργον
896 3473 1036 3556 μάλιστα
1058 3472 1091 3549 ἐς
1110 3472 1251 3556 μτῖοορον

214 3587 346 3658 ἀνιόντα
374 3589 442 3657 α’πὸ
468 3588 631 3674 εὐρυτέρου
655 3586 712 3656 τοῦ
737 3591 830 3656 κάτω·
856 3589 970 3676 ἑκάστη
992 3591 1029 3656 di
1050 3588 1173 3674 πλευραὶ
1197 3591 1253 3658 τοῦ

213 3703 424 3793 ὕποθήματος
456 3706 493 3775 cri
525 3706 581 3773 dcci
614 3708 718 3791 πάσης
749 3713 950 3794 πέφρακται,
988 3708 1076 3775 atta
1106 3711 1188 3778 εἰσιν,
1213 3707 1251 3773 αἱ

213 3825 352 3904 πλάγιαι
374 3829 427 3892 τοῦ
452 3825 580 3910 σιδήρου
608 3827 721 3903 ζῶναι,
753 3825 859 3909 ὥσπερ
886 3825 923 3892 ἓν
949 3828 1079 3910 κλλμακι
1105 3823 1138 3892 οἱ
1163 3822 1253 3891 α’να-

213 3945 343 4026 βασμοί·
367 3939 406 4006 τοὶ
427 3942 464 4007 δὲ
486 3941 650 4026 ἐλάσματα
672 3945 726 4010 τοῦ
746 3943 873 4029 σιδήρου
895 3940 935 4008 τοὶ
957 3941 1047 4028 ὀρθοὶ
1070 3941 1251 4028 ἀνέστραπ-

216 4083 271 4124 ται
293 4057 376 4124 κατοῖ
399 4056 439 4124 τοὶ
462 4058 546 4142 ἄκρα
569 4058 600 4134 ἐς
622 4057 656 4126 τὰ
679 4059 777 4137 ἐκτός.
826 4063 871 4123 Ab
893 4064 948 4126 bac
971 4065 1171 4142 descriptione
1195 4082 1253 4126 non
