2888 4576
661 246 723 311 12⁴3

173 459 276 514 tenere
298 458 408 531 posset.
452 451 518 513 Huc
539 455 691 531 pertinere
702 456 829 536 videtur,
853 457 1210 536 quotopgrammntieos

172 572 309 650 legimus,
333 566 477 652 α’ρδάλια
498 577 529 632 et
551 567 842 653 detortae-nrm
864 577 945 636 extat
967 581 1093 653 utraque
1115 576 1209 637 torma

172 723 214 734 -
235 709 302 751 esse
324 685 394 764 τοὺς
414 692 587 772 πυθμένας
607 691 670 754 τῶν
690 690 883 774 κεραμίδων,
900 697 930 754 et
952 689 1007 769 τὰς
1029 695 1090 758 τῶν
1111 715 1210 775 κερα-

170 810 253 890 μίων
273 807 428 891 γάστρας,
461 813 495 869 ut
521 807 651 887 Hesyoh.
707 807 750 870 Ci.
773 809 870 871 AElius
893 809 1053 891 Dionysius
1075 831 1123 890 ap.
1147 813 1209 872 Eu-

173 926 263 990 stath.
285 927 322 986 ad
344 926 378 988 lt.
401 929 440 1008 a,
462 946 492 1006 p.
515 921 589 1004 707,
611 921 670 988 33:
694 923 855 1010 α’ρδάνιον
880 924 915 993 τὸ
942 926 1009 996 α’πό
1039 931 1093 994 τοῦ
1120 933 1209 993 no&-

170 1047 266 1127 μένος
287 1045 341 1110 τοῦ
360 1047 532 1127 κεραμείου
553 1046 611 1120 ἕως
632 1048 687 1130 τῆς
706 1045 852 1128 γαστρός·
885 1047 967 1112 Suid.
990 1067 1013 1110 s.
1036 1044 1209 1138 vvso’pdoi·

171 1185 243 1228 νιον
264 1167 295 1224 et
316 1161 518 1246 antiomenon·
541 1163 666 1226 Bekker.
689 1165 802 1228 Aneed.
824 1161 899 1245 441,
921 1161 975 1229 30.

255 1282 388 1361 Apparet
409 1281 533 1342 formam
556 1282 645 1343 huius
667 1282 739 1343 labri
768 1301 892 1361 prorsus
925 1285 1035 1346 nuliius
1066 1287 1206 1346 momenti

170 1403 274 1476 inisse,
298 1405 330 1461 ut
353 1401 432 1478 qnod
454 1418 534 1477 sepe
555 1402 645 1461 etiam
667 1399 862 1478 fragmentum
886 1402 984 1480 fuerit,
1003 1404 1207 1482 quatecunque

89 1547 94 1555 ·
170 1519 231 1580 iore
252 1518 418 1582 obrutisset.
461 1515 523 1577 Neo
546 1515 674 1579 dubitari
696 1523 811 1599 potest,
834 1525 904 1594 quin
927 1524 1027 1582 statim
1051 1526 1118 1600 post
1140 1539 1207 1600 per·

170 1637 263 1699 tentas
285 1638 425 1715 exequias
451 1636 515 1697 heu
537 1620 674 1714 ardania,
708 1638 768 1698 iam
799 1640 848 1699 vix
880 1642 952 1700 satis
976 1659 1059 1719 pura,
1092 1639 1206 1702 abiecta

171 1757 233 1817 sint
253 1760 284 1817 et
305 1756 444 1830 coutrita,
460 1771 539 1833 non,
563 1759 596 1815 ut
618 1755 738 1834 qnidam
760 1760 919 1836 putarunt,
946 1775 1005 1819 una
1036 1777 1103 1820 oum
1125 1775 1207 1818 mor·

170 1876 231 1936 tuis
252 1873 387 1953 sepntta:
411 1873 525 1933 nulium
547 1889 618 1932 sane
640 1874 670 1933 iu
693 1892 797 1953 usum3
822 1893 888 1937 nam
911 1894 946 1936 ex
968 1876 1114 1956 seputoris
1135 1893 1206 1954 pro·

169 1992 248 2053 testo
282 2010 368 2052 nemo
401 1995 465 2052 erat
496 1992 640 2052 exiturus.
693 1991 825 2055 Panoika
860 1972 894 2055 R.
927 1994 999 2068 vll,
1032 1990 1206 2056 4statuam

169 2109 291 2170 exhibet
312 2127 348 2169 nx
369 2107 458 2171 Mus·
471 2107 540 2172 rut.
561 2107 600 2187 ΙΙ,
622 2103 644 2167 2
679 2111 804 2187 virginis
825 2111 941 2171 iobrum
964 2114 1102 2188 tenentis,
1126 2111 1205 2187 quod

168 2229 311 2289 ardanion
334 2227 478 2305 appellat3
496 2229 525 2288 in
545 2243 608 2306 ¹quo
630 2228 696 2288 iure
718 2223 843 2288 miratur
864 2226 1042 2290 Letronnius
1061 2227 1204 2305 (Ephous.

171 2340 265 2418 1833*
287 2365 317 2424 p.
339 2339 430 2425 410),
453 2363 521 2406 eum
545 2363 602 2406 non
631 2347 817 2424 meminisse,
851 2346 933 2430 utun
954 2365 1005 2408 vas
1031 2346 1205 2406 recentioris

169 2463 292 2526 artificis
313 2481 388 2541 opus
410 2482 476 2525 esse
498 2465 649 2542 antiquam
672 2467 799 2526 statuam
821 2466 980 2526 restituere
1002 2465 1110 2526 conati.

652 2729 726 2810 52.

628 2873 740 2942 Pocula

168 3041 318 3102 communi
340 3040 459 3100 numine
480 3035 654 3122 ἐκπώματα
675 3047 705 3103 et
727 3043 863 3128 ποτήρια
885 3041 1022 3103 dicebant
1042 3039 1159 3119 Grae0i3
1177 3059 1203 3099 ι.

168 3158 243 3221 Poli.
265 3157 317 3239 Vl,
339 3153 400 3237 ὥς
421 3158 531 3225 Athen.
555 3157 611 3232 xt,
631 3155 704 3220 460.
758 3162 816 3224 Hie
838 3161 963 3222 maxima
984 3159 1145 3220 formarum
1174 3163 1205 3218 et
1334 3233 1337 3238 Ι

168 3279 322 3337 nominum
343 3277 481 3338 varietas.
524 3273 692 3336 Deformis
715 3278 802 3338 liceat
824 3279 895 3339 illud
918 3297 1050 3356 monere,
1078 3277 1203 3337 florente

167 3392 289 3456 Graeoiae
311 3398 398 3457 utute
421 3393 526 3473 poeula
559 3393 621 3454 iere
646 3392 745 3458 δίωτα
771 3396 862 3458 inisse
889 3399 934 3476 (v.
956 3395 1025 3458 ath.
1059 3388 1134 3470 488,
1156 3392 1202 3473 b),

169 3530 226 3572 nun
250 3513 358 3574 desunt
379 3517 477 3572 tamen
501 3529 558 3572 una
581 3516 633 3574 aut
655 3513 734 3574 uuita
757 3531 829 3576 ansa
852 3516 1005 3576 instructa.
1050 3511 1083 3572 ln
1107 3495 1202 3572 uomi-

167 3627 254 3690 nibus
277 3631 422 3707 imprimis
444 3634 577 3708 tempora
598 3631 806 3709 distinguenda
829 3635 909 3694 sunt.
963 3629 1038 3691 Nam
1067 3629 1202 3708 quaedum

165 3749 284 3810 nomina
307 3749 343 3810 ab
367 3747 496 3810 Homero
519 3752 661 3826 usurpata
683 3749 724 3809 ita
753 3754 855 3828 postea
878 3749 1011 3810 obsoleta
1034 3751 1140 3825 erant,
1168 3752 1202 3809 ut

166 3866 239 3927 nihii
262 3885 320 3926 non
353 3867 549 3928 coniectando
582 3866 715 3928 efficeret
745 3869 1007 3946 grammaticorum
1040 3866 1200 3942 subtilitas,

165 3984 237 4046 nihii
274 4003 331 4046 non
358 3985 416 4045 sibi
449 3985 538 4046 iioere
570 3989 688 4063 putaret
721 3990 875 4065 puetarum
907 3987 1044 4048 eruditio.
1100 3983 1201 4062 Quare

163 4120 256 4180 quum
279 4104 315 4163 de
337 4122 440 4164 eorum
463 4101 566 4164 iormis
588 4109 640 4164 aut
663 4103 734 4165 nihii
758 4110 810 4166 aut
831 4123 977 4182 perpauca
993 4103 1117 4165 definire
1130 4121 1200 4181 pos·
