2876 4580
592 1225 713 1348 Gannt
744 1229 917 1348 crinon.

404 1415 460 1487 Dc
481 1417 574 1488 vasis
595 1417 717 1516 quibus
738 1426 920 1489 servantur
941 1415 1100 1514 liquores.

720 1596 795 1676 §L

329 1749 362 1812 Si
391 1752 568 1830 quonimus,
602 1752 711 1831 quihus
744 1755 822 1814 vasis
855 1754 956 1814 vinum
988 1756 1139 1812 servatum
1171 1749 1276 1831 tuerit,

239 1869 394 1930 audiamus
422 1869 551 1946 primurn
580 1868 732 1931 Pollucem
760 1872 789 1930 io
817 1871 884 1932 tibr.
912 1869 969 1948 vt,
1004 1863 1054 1929 14.
1091 1867 1164 1932 Ἵνα
1193 1865 1230 1931 δὲ
1258 1863 1278 1932 ὁ·

239 1986 339 2060 οίνος·
376 1984 540 2064 χλα’γονος,
579 1989 707 2070 ποοίνη,
746 1982 862 2062 οἷσκός,
903 1985 1038 2070 κρατήρ,
1074 1983 1276 2067 προχοίδιον,

239 2100 352 2178 κοίδος,
375 2101 537 2178 καδίσκος,
559 2101 711 2198 κρωσσᾷς,
734 2107 836 2187 aanor,
859 2103 1009 2187 κροίδισος
1030 2110 1085 2179 (.),
1107 2097 1149 2180 ὥς
1170 2102 1277 2173 Ξενο-

240 2221 319 2304 φῶν,
341 2220 505 2304 κεράμιον,
528 2217 698 2305 οἷμφορεύς,
722 2219 933 2305 α’μφορίσκος,
956 2225 1117 2304 σταμνίον,
1141 2217 1275 2301 οἷνγοίον

239 2339 427 2422 οἰνοφόρον,
458 2333 590 2420 isicio,
624 2339 764 2422 κεράμου
791 2343 1023 2424 πεποιημένον,
1055 2341 1158 2414 πίθος
1178 2340 1199 2424 ἢ
1218 2360 1278 2403 πο-

238 2457 358 2539 θοίκνη.
411 2459 503 2518 Addit
524 2462 613 2518 ctiam
634 2456 742 2539 ὕρχας.
785 2457 851 2518 Lib.
874 2457 922 2534 Χ,
955 2455 999 2516 60
1026 2475 1092 2536 sqq.
1118 2456 1179 2518 iere
1202 2458 1278 2518 nihil

136 2633 144 2646 ,
240 2576 307 2636 novi
330 2575 509 2653 suppeditat.
553 2574 622 2635 Vini
645 2593 714 2635 vasa
737 2579 906 2653 enumerat,
938 2577 1008 2653 scd,
1043 2580 1076 2634 ut
1099 2577 1127 2634 in
1145 2575 1279 2652 ‘singuiis

239 2693 423 2770 videbimus,
452 2692 556 2752 cadem
579 2695 667 2752 etiarn
690 2693 763 2753 aiios
784 2692 915 2772 liquores
938 2692 1137 2754 continebant.

655 2890 683 2956 l.
726 2896 862 2969 Πίθος
980 2957 984 2964 ,

239 3046 304 3104 sive
325 3044 432 3104 dottam
454 3064 545 3123 quum
567 3045 640 3106 atias
662 3063 710 3106 ras
732 3044 903 3106 continebat
924 3050 975 3118 (nt
995 3049 1098 3121 πίθος
1121 3044 1224 3110 σύκων
1245 3048 1295 3134 ἱοι

239 3161 403 3240 fragmento
426 3163 524 3224 Babrii
547 3164 625 3242 apud
656 3162 797 3243 Suidam,
832 3163 1023 3224 frumentaria
1050 3169 1081 3225 et
1110 3165 1279 3224 amurcaria

241 3280 319 3340 dotia
344 3280 484 3341 Varronis
504 3286 536 3341 et
559 3279 691 3362 Catonis,
714 3284 744 3340 et
765 3279 887 3340 Homeri
909 3281 968 3340 dno
990 3281 1068 3342 dotia
1091 3283 1278 3342 diversorum

241 3399 385 3459 donorum
401 3401 430 3459 in
447 3393 636 3477 comotovts,
659 3418 685 3459 v.
703 3397 737 3458 ll.
760 3421 794 3472 ω,
816 3393 906 3480 527),
931 3404 993 3459 tum
1015 3402 1142 3460 maxime
1165 3401 1278 3460 vinum.

240 3514 315 3576 Nam
337 3533 510 3608 expressunt
534 3516 675 3577 torculari
701 3514 818 3602 (ληνῷ)
849 3517 951 3576 vinum
980 3517 1009 3575 in
1032 3515 1111 3576 dotia
1132 3514 1279 3576 tundeba-

239 3638 299 3711 tur,
322 3653 388 3712 quae
410 3637 475 3714 pice
497 3635 587 3696 oblita
611 3635 884 3715 (πεπιττωμένα),
908 3635 1047 3712 imposito
1069 3632 1211 3711 operculo
1234 3637 1277 3704 (v.
1339 3681 1342 3686 ,

239 3748 313 3812 Pon.
334 3750 377 3828 X,
400 3745 479 3830 1883
513 3753 641 3818 κιθῶνα
663 3753 735 3812 dicit
756 3750 923 3829 Hesychius
946 3750 1080 3825 sub,h0c
1102 3752 1200 3827 voc),
1224 3752 1278 3809 aut

240 3868 268 3926 in
293 3873 371 3928 terra
393 3869 628 3952 deponebantur,
651 3873 703 3930 aut
724 3869 754 3927 io
778 3867 851 3927 cella
873 3869 985 3928 vinaria
1012 3867 1179 3943 (πιθῶνι),
1204 3866 1279 3926 sub·

238 3988 332 4046 strata
366 4003 473 4062 arena,
519 3991 550 4047 ct
581 3987 677 4046 iuncis
708 3990 846 4062 terraque
875 3986 1003 4062 aggestis
1039 3989 1083 4057 (v.
1113 3982 1277 4059 Gcoponic.

241 4101 291 4180 vt,
312 4097 344 4182 2,
366 4099 415 4175 4).
