2876 4580
732 228 756 290 6

642 314 859 328 ——--

232 451 266 508 ut
288 445 364 524 apud
386 441 565 502 Mexicanos.
621 433 732 494 Verum
763 428 848 489 uniue
871 428 1024 489 abundant
1045 427 1097 488 tali
1120 427 1205 504 copia
1228 443 1274 485 eae

233 569 334 637 terrae,
367 559 418 621 ubi
441 555 507 618 irati
527 559 560 616 et
582 552 676 614 Graeci
697 549 877 610 habitarunt.
899 567 902 574 ·
923 544 1036 607 Graecia
1058 545 1179 622 quidem
1206 546 1275 622 ipsa

235 697 291 740 nun
315 681 356 740 ita
379 677 499 757 penitus
521 671 686 752 perquisita
707 670 770 746 est3
792 664 844 724 sed
868 682 905 724 ne
927 665 994 742 quis
1017 662 1136 736 dubitet
1156 663 1194 721 de
1216 661 1275 722 hac

233 791 282 873 re,
304 799 378 861 satis
400 793 492 856 muita
511 789 668 870 prohibent
694 783 845 862 exempta3
878 799 915 841 ex
937 780 1046 858 quibus
1068 799 1162 843 uuum
1185 778 1277 841 suifr-

233 920 292 976 eiat
314 913 431 988 afferre,
454 903 550 991 σορὸν
571 905 734 987 κεραμέαν
755 900 881 961 Athenis
902 899 1062 977 inventam,
1085 917 1176 977 quarn
1199 898 1276 958 deli·

236 1033 333 1093 nearit
355 1027 594 1103 Staekeibergius
615 1025 645 1083 in
668 1022 743 1082 tibro
766 1020 803 1080 de
825 1016 970 1095 sepulcris
981 1015 1170 1095 Graecorum,
1194 1015 1274 1089 (tab.

234 1143 282 1231 8),
305 1150 355 1212 ubi
376 1148 491 1209 circum
512 1143 596 1222 pueri
619 1139 760 1216 reliquias
782 1137 900 1196 inventa
915 1140 985 1196 sunt
999 1136 1080 1195 varia
1098 1151 1167 1196 vasa
1185 1151 1279 1194 aeau-

236 1272 300 1329 rate
322 1265 475 1344 disposita.
509 1261 603 1322 Docet
625 1257 702 1317 idern
724 1253 878 1316 Strabonis
899 1252 983 1313 loeus
1006 1251 1044 1312 de
1066 1250 1185 1312 colonia
1199 1249 1277 1310 tutia

238 1383 385 1460 Corinthi,
406 1381 459 1442 ubi
480 1378 587 1455 tradit,
610 1390 703 1434 novos
725 1371 981 1434 eolonoa'eversis
1003 1369 1149 1447 sepulcris
1169 1369 1278 1446 ingen-

237 1509 297 1565 tem
319 1503 379 1562 vim
401 1514 560 1576 aeneorum
583 1499 614 1554 et
634 1490 771 1552 fictitium
788 1505 926 1550 vasorum
941 1487 1100 1565 invenisse,
1124 1485 1280 1546 Romanos

238 1624 355 1698 autem,
377 1635 437 1697 quo
460 1615 561 1674 essent
582 1607 768 1686 antiquitatis
789 1606 906 1684 studia,
928 1603 1030 1664 fictitia
1052 1603 1158 1664 eodem
1179 1604 1281 1680 pretio

238 1739 379 1799 habuisse
410 1738 500 1810 atque
533 1744 645 1802 aenea,
689 1723 782 1784 donec
814 1723 965 1800 quaerendi
999 1721 1120 1792 taedium
1153 1720 1281 1781 colonos

239 1859 376 1934 caperet,
399 1867 491 1930 quum
512 1848 570 1908 iarn
593 1860 651 1903 non
674 1843 788 1918 integra
810 1857 894 1916 vasa,
922 1839 974 1898 sed
996 1838 1161 1916 fragmenta
1184 1841 1283 1898 testa-

240 1991 307 2035 rum
340 1969 551 2048 reperirentur.
604 1958 777 2021 Adscribam
804 1956 894 2018 verba
929 1959 1011 2037 eius,
1048 1973 1116 2035 quae
1143 1964 1216 2016 sunt
1250 1956 1281 2014 in

241 2091 318 2151 libro
340 2085 428 2163 vur,
462 2077 494 2162 μ’
512 2073 578 2141 216
604 2078 737 2140 Tauehn.
784 2075 834 2138 Τά
861 2071 987 2157 ἐρείπια
1014 2074 1191 2148 κινοῦντες,
1225 2075 1284 2136 καὶ

242 2200 314 2282 τοὺς
336 2202 455 2285 τάφους
476 2195 807 2268 σονανασκάπτοντες,
842 2189 985 2274 εὕρισκον
1005 2185 1203 2282 άστρακίνων
1224 2213 1284 2254 το-

243 2323 405 2408 ρεομάτων
426 2315 548 2403 πλήθη,
569 2308 678 2380 πολλοὶ
700 2310 736 2374 δὲ
756 2312 811 2373 καὶ
829 2307 1035 2390 χαλκώματα·
1053 2309 1285 2391 θαυμάζοντος

243 2441 280 2506 as
309 2437 365 2523 τήν
392 2423 601 2518 κατασκευήν,
636 2425 755 2496 οάδένα
784 2425 889 2510 τάφον
917 2421 1135 2508 άσκεοάρητον
1155 2427 1284 2500 εἴασαν,

242 2559 329 2634 ὥστε,
356 2550 587 2637 εὐπορήσαντες
613 2549 675 2610 τάν
702 2543 849 2612 τοιοάπον
874 2547 928 2608 καλ
949 2541 1175 2625 διατιθέμενοι
1195 2543 1281 2608 πολ-

243 2676 316 2750 λοῦ,
347 2669 626 2753 Νεκροκορινθλων
656 2661 844 2746 ἐπλήρωσαν
872 2661 928 2743 τήν
957 2660 1081 2743 Ράμην·
1108 2659 1188 2726 οὕτω
1216 2655 1285 2742 γάρ

245 2790 382 2856 ἐκάλουν
412 2785 452 2852 τά
481 2784 516 2848 ἐκ
544 2786 605 2850 τοῖν
634 2781 746 2866 τάφων
775 2778 959 2862 ληφθέντα,
997 2782 1052 2842 καὶ
1078 2777 1223 2861 μάλιστα
1245 2773 1287 2842 τά

245 2907 426 2993 ὀστράκινα.
477 2899 553 2969 Κατ’
576 2896 678 2984 α’ρχάς
698 2901 757 2981 μὲν
779 2890 836 2961 οὖν
858 2893 993 2980 ἐτιμήθη
1016 2893 1144 2978 σφόδρα
1166 2889 1287 2978 ὁμοίως

246 3036 310 3104 τοῖς
329 3021 516 3110 χαλκώμασι
538 3029 601 3094 τοῖς
622 3016 916 3098 Κορινθιουργέσιν,
948 3009 1002 3078 εἶτ’
1024 3011 1209 3078 ἐπαύσαντο
1231 3013 1289 3096 τῆς

246 3143 401 3228 σποοέής,
430 3137 623 3204 ἐκλιπόντων
644 3135 705 3200 τοῖν
726 3129 895 3212 ὀστράκων,
928 3134 983 3193 καὶ
1003 3127 1077 3195 οὐδὲ
1098 3133 1288 3213 κατορθου-

247 3267 352 3348 μένων
374 3260 434 3326 τάν
454 3251 620 3321 πλείστων.

332 3379 508 3442 Manserunt
529 3374 618 3432 etiam
641 3375 760 3452 postea,
784 3385 875 3447 quum
897 3368 1011 3428 mortui
1029 3366 1162 3427 comburi
1185 3369 1290 3444 coepti

247 3506 359 3580 essent,
382 3496 462 3558 iliius
485 3494 576 3554 moris
598 3489 733 3566 vestigia.
769 3485 835 3546 Non
859 3485 965 3563 loquor
987 3483 1024 3543 de
1046 3485 1180 3544 cinerum
1203 3484 1291 3544 urnis

130 3672 137 3683 .
248 3621 277 3680 in
300 3616 412 3694 tugurii
435 3613 565 3692 speeiem
587 3609 674 3689 fietis,
697 3606 801 3686 quates
822 3607 852 3664 in
870 3603 957 3664 Latio
979 3602 1105 3661 invente
1127 3605 1199 3660 sunt
1210 3601 1290 3680 (vid.

247 3735 375 3797 Mazois:
398 3733 457 3794 Les
481 3730 592 3790 Ruiues
614 3727 651 3786 de
673 3724 807 3802 Pompei,
830 3721 867 3782 11.
891 3737 917 3798 p.
939 3713 1016 3800 34];
1052 3717 1105 3778 set
1129 3719 1291 3778 inveniun-

250 3857 299 3914 tur
322 3854 351 3912 in
374 3851 451 3911 vasis
474 3849 583 3926 praeter
604 3859 671 3904 ossa
703 3845 733 3902 et
755 3841 870 3898 cineres
892 3837 1042 3897 interdum
1063 3835 1129 3896 aliae
1151 3835 1291 3912 quaedarn

249 3988 311 4046 res,
334 3973 366 4030 ut
389 3967 466 4047 apud
491 3966 608 4025 nostros
631 3961 760 4020 maiores
782 3956 889 4032 aculei,
911 3952 1032 4031 globuli,
1056 3952 1131 4032 aiia3
1160 3951 1292 4013 Athenis

252 4093 348 4149 autern
377 4089 405 4146 in
435 4083 588 4169 ratissima
621 4079 668 4138 itta
702 4073 843 4150 amphora
872 4071 1032 4148 uergente,
1073 4087 1161 4148 quarn
1194 4071 1292 4132 edidit
