2888 4576
602 639 724 760 tanat
753 645 940 762 aarum.
1007 648 1012 658 '

213 899 224 918 ,
252 830 307 900 De
328 833 421 902 uarie
441 817 517 928 quse
538 831 703 903 sustinent
724 830 874 932 liquores
896 842 928 905 et
955 831 1085 903 cibario
1111 833 1159 902 orl
1181 832 1293 930 iprum

627 967 748 1038 utendi
766 977 906 1062 tempus.

729 1153 752 1225 S
775 1147 804 1214 l.

601 1288 651 1354 De
673 1289 750 1356 vasis
773 1289 941 1360 lavationis.

619 1463 648 1530 l.
693 1471 915 1556 Λοντήρνον

251 1595 297 1650 est
318 1606 382 1664 vas,
405 1588 484 1667 quod
506 1606 614 1668 aquam
636 1586 793 1650 lavationis
816 1592 959 1672 continet,
982 1607 1087 1652 nomen
1104 1595 1163 1651 tum
1176 1590 1289 1670 vulgati

251 1725 334 1784 usus,
357 1724 445 1787 quam
468 1712 558 1768 oertae
579 1707 814 1789 significationis,
838 1714 871 1770 ut
894 1728 951 1771 nou
977 1709 1120 1788 dubitem,
1143 1711 1215 1788 quin
1238 1727 1290 1769 er-

250 1829 360 1888 raverit
382 1825 488 1886 Pollux
501 1824 566 1901 vil,
590 1819 663 1904 167,
685 1826 764 1904 quod
787 1828 823 1894 iu¹
839 1827 975 1908 AEsohyli
998 1826 1075 1906 looo,
1097 1845 1187 1906 quem
1204 1828 1289 1903 oitat,

202 2009 205 2016 ,
249 1943 387 2004 balneum
415 1943 488 2004 dicit
518 1941 688 2020 significari.
743 1943 816 2006 lude
837 1964 854 2006 a
877 1963 960 2007 novo
997 1945 1158 2007 comoedia
1190 1948 1288 2021 etate,

250 2067 327 2122 teste
349 2060 422 2124 Poll.
447 2061 465 2122 1.
489 2061 521 2139 1.,
552 2061 692 2139 lrequens
725 2068 772 2124 est
804 2063 956 2125 decurtata
986 2062 1079 2125 loram
1106 2061 1218 2147 λοντήρ
1245 2093 1288 2108 ·-

249 2198 348 2258 nequo
369 2182 449 2240 enim
470 2178 635 2267 λουτήρων
655 2183 749 2258 magis
784 2167 997 2245 deminutivum
1029 2188 1076 2244 est
1107 2200 1196 2260 quam
1228 2200 1290 2244 πο·

304 2320 365 2362 τον.

248 2322 302 2383 mo
334 2415 453 2480 Primus
476 2417 538 2482 τῶν
557 2415 729 2501 λοοτηρίων
751 2435 823 2479 usus
845 2424 891 2480 est
913 2420 942 2479 iu
965 2417 1090 2495 balneis,
1114 2436 1140 2480 v.
1164 2415 1289 2478 Becker.

251 2534 379 2598 Charicl.
411 2532 451 2608 ll,
485 2552 514 2612 p.
549 2529 630 2615 1383
665 2534 704 2596 ci.
727 2537 787 2598 tab.
808 2532 847 2617 4,
880 2558 908 2598 n.
937 2532 953 2597 1
983 2542 1014 2598 et
1042 2531 1073 2597 2.
1126 2534 1225 2596 Etiam
1258 2534 1289 2593 iu

252 2651 392 2712 Hieronis
424 2651 516 2729 Regis
550 2653 616 2713 navi
651 2651 777 2732 legimus
809 2673 856 2735 ap.
879 2656 947 2720 Aila.
973 2655 1011 2737 V,
1041 2649 1122 2733 207,
1144 2653 1163 2714 l.
1197 2651 1290 2712 luisse

250 2769 388 2854 λουτῆρα
409 2773 505 2834 πέντε
526 2766 680 2852 μετρητὰς
702 2769 876 2855 δεχόμενον
898 2772 1050 2839 ποικίλον
1081 2773 1137 2838 τοῦ
1161 2775 1289 2852 Ταυρο·
1375 2771 1381 2782 ’

253 2890 380 2970 paviano
422 2886 530 2954 tiano
584 2887 647 2950 Nec
680 2892 710 2952 io
743 2891 926 2954 medicorum
957 2889 1145 2971 supellectile
1184 2888 1290 2950 obesse

251 3011 399 3085 poterant,
420 3025 448 3067 v.
471 3007 545 3070 Poll.
558 3007 597 3088 Χ,
606 3003 659 3070 46.
704 3008 748 3069 Ne
770 3029 787 3070 a
809 3011 952 3072 conviviis
975 3009 1095 3088 quidem
1117 3006 1291 3086 abluerunt3

250 3143 317 3186 nam
341 3127 370 3185 in
393 3125 545 3187 Ptolemaei
567 3145 676 3208 pompa
697 3125 783 3204 (aih.
800 3124 873 3207 199,
888 3134 918 3200 ο)
933 3128 1041 3208 portati
1061 3131 1131 3188 suut
1144 3126 1293 3210 λουτῆρες

249 3241 389 3324 μεγάλοι
410 3239 505 3319 δέκα,
527 3249 558 3304 et
577 3243 727 3323 Epigenes
757 3246 845 3325 [ibid.
867 3238 942 3328 486,
966 3252 994 3321 ο)
1028 3248 1057 3308 in
1081 3243 1291 3307 enumerandis

250 3362 377 3422 convivii
398 3362 477 3422 vasis
498 3363 588 3423 etiam
611 3362 758 3451 λουτήριον
782 3334 875 3444 ponit,
902 3366 981 3426 unde
1002 3364 1165 3426 Athonaeus
1187 3361 1291 3437 efficit,

249 3477 405 3566 ποτήριον
426 3497 504 3562 esse,
527 3498 706 3560 omnemque
727 3485 982 3544 enumerationem
1009 3485 1169 3566 ποτηρίων
1187 3479 1292 3544 κατά-

248 3597 346 3677 λογον
366 3598 449 3677 dicit,
472 3602 557 3680 quasi
580 3606 678 3666 cetera
701 3603 990 3681 quodomnium,
1013 3601 1172 3688 κρατῆρες,
1187 3596 1285 3664 κάδοι

248 3711 361 3780 ὁλκεῖα
383 3718 488 3796 pocula
509 3721 578 3781 siut.
622 3718 701 3781 Male
724 3685 815 3798 igitur
837 3719 908 3780 fecit
936 3718 1084 3800 Panum,
1114 3718 1193 3797 quod
1222 3735 1294 3780 eum

251 3838 405 3895 auctorem
427 3842 548 3898 secutus
570 3837 709 3916 poculum
743 3837 907 3916 quoddam,
931 3855 1110 3916 quamquam
1132 3836 1292 3897 simillimo
1406 3899 1413 3913 x

250 3950 364 4029 formo,
388 3951 514 4012 luteriou
537 3954 697 4032 appellavit
719 3955 812 4016 Reeh.
838 3955 872 4033 V,
894 3949 946 4016 89.
990 3955 1171 4017 Letronnius
1191 3958 1298 4015 autem

248 4068 385 4144 (Ephom.
407 4069 458 4130 Er.
483 4063 581 4147 1833,
603 4088 633 4147 p.
657 4065 737 4163 730)
772 4090 830 4131 non
864 4073 999 4150 intelligo
1032 4091 1089 4151 qua
1113 4071 1295 4134 confidentia
