2876 4580
727 216 769 282 16

638 305 861 318 ...-.----

236 419 315 484 illam
341 421 474 499 argillam
503 419 639 497 collado,
673 420 709 480 de
736 437 794 496 qua
821 419 928 482 Suidas
957 438 981 480 s.
1003 434 1050 481 v.:
1095 419 1170 486 ὅσαι
1192 418 1279 504 πρὸς

234 538 487 604 somnulentiae
518 535 715 622 ἐπιτηδεύοι,
755 539 869 602 πασιύν
899 533 920 622 ἤ
950 533 1077 614 Kretenia
1109 541 1277 622 κρείσσων.

144 651 147 657 ’
235 653 345 736 Notum
366 661 423 734 est,
447 675 582 734 magnam
603 661 717 736 partera
738 657 925 718 Athenarum
946 657 1056 717 dictam
1082 673 1150 719 esse
1165 662 1278 739 Κορα-

232 771 355 856 μειιιόν.
389 773 450 835 Nee
472 775 502 836 in
525 773 589 836 loro
611 774 707 836 solum
720 772 1073 856 praeoccupemus).
1095 775 1148 835 sed
1163 791 1277 853 expor-

234 891 373 953 tahantur
389 896 420 952 et
435 910 489 970 per
507 896 598 953 totam
610 891 752 956 Graeeiam
769 891 1011 954 divendcbaotur.
1047 890 1152 970 Quare
1166 893 1283 970 Argivi.

234 1015 265 1070 et
275 1009 421 1088 AEginetm
433 1011 461 1069 iu
474 1009 558 1071 lestis
570 1009 746 1087 quibusdam
758 1010 823 1087 lege
834 1010 1061 1087 interdixerunt,
1084 1027 1122 1071 ne
1133 1012 1203 1090 quis
1214 1012 1275 1074 m-

234 1130 301 1188 licis
318 1129 402 1190 testis
421 1132 556 1189 uteretur
575 1132 619 1201 (v.
632 1128 775 1190 Herodot.
787 1128 824 1208 V,
846 1120 916 1201 88).
942 1126 1052 1188 Parcus
1064 1132 1165 1188 aulem
1177 1127 1277 1190 Lace-

234 1247 405 1326 daemonios‚
417 1245 630 1308 Eratosthenes
642 1251 706 1323 (ap.
714 1244 785 1306 Ath.
794 1244 848 1320 Xl,
859 1239 935 1322 482,
943 1246 988 1319 h.)
1001 1246 1133 1324 tradidit,
1146 1248 1276 1308 crateris

234 1381 304 1426 usos
315 1381 382 1425 asse
393 1382 451 1424 nou
463 1382 499 1424 ex
511 1368 632 1440 argento
643 1363 739 1441 iactis,
762 1380 859 1440 oeque
869 1364 994 1440 gemmis
1005 1365 1132 1450 ornatis,
1154 1365 1209 1424 sed
1220 1364 1277 1447 τῆς

233 1479 407 1558 Κωλιάδος.
428 1482 471 1543 Ac
485 1500 521 1544 ne
532 1487 630 1561 putes,
642 1485 836 1542 mercaturam
844 1480 1071 1542 Atheniensium
1083 1483 1179 1559 ipsius
1186 1481 1275 1544 Grae·

232 1603 285 1663 cire
296 1599 404 1663 linibus
421 1601 673 1676 circumscriptam
690 1598 794 1676 luisse,
817 1615 908 1676 quum
925 1597 1017 1658 multa
1034 1598 1196 1678 prohibent
1209 1599 1273 1662 cla·

232 1719 349 1778 rissima
365 1719 510 1799 exempla,
533 1725 596 1778 tum
619 1716 664 1777 vel
687 1735 733 1793 ea,
755 1733 822 1794 quae
834 1718 863 1775 in
875 1716 1012 1777 manibus
1023 1716 1180 1793 habemus,
1202 1714 1274 1778 Cri·

232 1837 281 1897 tiae
302 1836 390 1896 verba
412 1837 442 1895 in
464 1837 557 1912 elegia
579 1853 669 1913 supra
690 1838 930 1914 commemorata,
953 1834 1101 1895 laudantis
1124 1853 1219 1896 aenea
1241 1841 1276 1897 et

231 1971 320 2014 aurea
332 1971 421 2032 opera
431 1953 637 2030 Etruseorum,
651 1957 682 2013 et
694 1952 860 2030 psephisma
873 1953 1214 2030 quoddamAtheniense
1227 1958 1274 2027 (r.
1383 2033 1392 2044 ·

232 2071 370 2132 Bulletin.
392 2073 420 2130 d.
442 2070 515 2134 lost.
540 2065 631 2149 1836,
655 2088 684 2146 p.
700 2065 776 2143 132)
795 2070 831 2130 de
854 2071 969 2131 colonia
993 2072 1023 2130 iu
1040 2070 1165 2133 Adriam
1185 2073 1225 2145 (i.
1242 2090 1273 2135 e.

231 2189 267 2249 ad
290 2207 370 2249 mare
391 2190 582 2265 Adriaticum,
606 2207 633 2250 v.
657 2188 756 2248 liram.
779 2206 809 2264 p.
832 2183 911 2260 204)
934 2189 1122 2268 deducenda,
1148 2193 1183 2249 ut
1204 2194 1274 2251 tuta

231 2309 311 2371 esset
340 2311 370 2366 et
397 2324 500 2368 secura
529 2308 676 2382 navigatio
707 2305 937 2366 Atheniensibus
970 2307 999 2366 in
1033 2305 1092 2366 illis
1124 2302 1273 2368 maribus.

231 2422 296 2484 Non
319 2425 426 2484 mirum
449 2426 556 2500 igitur,
579 2425 603 2484 si
627 2424 726 2483 Attica
748 2441 817 2484 vasa
839 2441 897 2483 non
919 2424 1045 2517 Athenis
1067 2423 1184 2504 solum,
1214 2426 1271 2486 sed

230 2545 318 2602 eliam
342 2543 473 2618 AEginae,
506 2542 535 2599 in
558 2539 674 2618 Sicilia,
706 2542 736 2600 in
759 2540 843 2602 ltalia
865 2543 1066 2603 inveniuntur.
1112 2542 1274 2604 Perlincnt

228 2661 308 2720 enim
331 2659 390 2720 huc
412 2676 447 2718 ea
468 2675 549 2733 vasa,
571 2675 637 2734 qum
659 2659 783 2718 maxime
804 2658 999 2738 celebrantur,
1022 2659 1125 2720 Volcis
1141 2660 1274 2722 etNolaa

228 2780 363 2853 inventa,
397 2793 464 2854 quae
494 2774 582 2852 vulgo
611 2773 754 2852 putarunt
785 2776 832 2835 his
865 2777 937 2852 ipsis
969 2776 1042 2838 locis
1075 2795 1143 2838 esse
1176 2777 1271 2860 iacta,

230 2903 322 2973 quum
345 2895 444 2954 Volcis
467 2891 546 2954 nulla
568 2893 703 2954 videatur
726 2891 894 2953 Graecorum
918 2894 1033 2954 colonia
1054 2895 1167 2970 luisse,
1191 2896 1270 2957 Nola

230 3009 468 3073 Chalcidensium
491 3010 540 3070 illa
563 3011 682 3087 quidem
704 3010 818 3070 colonia
839 3008 929 3071 luerit
950 3013 1048 3088 (quod
1072 3031 1183 3090 negare
1205 3031 1269 3074 non

228 3129 354 3190 debebat
375 3128 475 3188 llram.
498 3145 527 3205 p.
553 3122 614 3186 148
636 3131 736 3206 sqq),
770 3127 821 3186 scd
852 3145 1003 3206 nunquam
1025 3131 1186 3192 admodum
1210 3133 1269 3192 llo·

228 3248 333 3308 ruerit.
382 3246 437 3306 Est
471 3249 570 3305 autem
599 3230 702 3304 corum
730 3261 797 3304 curn
824 3245 879 3322 iis,
921 3264 987 3322 quae
1015 3248 1045 3306 ln
1073 3250 1137 3327 ipsa
1164 3251 1269 3312 Attica

227 3367 345 3425 inventa
373 3367 460 3438 suut,
495 3367 577 3421 tanta
606 3365 636 3420 el
663 3365 722 3420 tam
751 3360 879 3438 perlecta
908 3364 1088 3454 similitudo,
1124 3371 1158 3427 ut
1185 3368 1271 3428 nulla

226 3484 371 3544 dubitatio
396 3481 530 3542 residere
551 3480 656 3557 possit.
700 3477 745 3539 Ac
769 3497 805 3538 ne
826 3481 894 3556 quis
917 3481 1005 3584 nobis
1025 3483 1159 3561 obiiciat,
1183 3485 1268 3547 nulla

247 3761 277 3826 ¹¹)
296 3777 320 3812 r.
338 3761 381 3813 Ar.
401 3763 460 3825 [γε.
479 3764 530 3813 557
548 3777 587 3826 sq.

294 3848 355 3900 Νύν
371 3845 497 3921 μὲνγὰρ
514 3845 548 3912 δὴ
567 3847 620 3900 κᾶν
638 3849 708 3900 ταῖσι
721 3845 834 3921 χύτραις
850 3846 903 3899 κάν
917 3851 972 3904 τοῖς
985 3849 1147 3920 λαχάνοισιν
1161 3849 1273 3922 ὁμοίως

294 3933 482 4005 περιέρχονται
503 3929 572 3984 κατὰ
595 3927 644 3996 τὴν
666 3927 774 4004 ἀγορὰν
797 3929 846 3993 ξύν
863 3931 955 3988 ὅπλοις
973 3932 1063 4008 ὥσπερ
1081 3935 1272 4022 Κορύβαντες.

292 4017 367 4066 Unde
385 4016 472 4065 rustici
486 4015 588 4075 quidam
603 4017 758 4076 grammatici
770 4030 862 4066 nomeu
875 4019 1004 4080 proprium
1018 4021 1133 4071 lecerunt
1145 4021 1273 4094 Χύτροις,

294 4109 321 4151 ut
338 4100 418 4152 schol.
440 4099 471 4148 ad
490 4098 534 4147 Ar.
552 4099 599 4148 Ar.
616 4111 639 4150 v.
660 4098 691 4148 13
709 4106 734 4150 et
751 4101 902 4162 Hesychlus.
