2888 4576
719 227 782 296 1oe

228 453 330 504 procera
349 445 374 491 et
389 439 464 502 plana
482 447 555 500 resa3
581 440 635 486 tum
659 433 685 482 in
709 437 816 496 uuooue
834 445 926 496 genera
947 429 1057 486 maxime
1074 440 1180 498 apparet
1196 445 1265 486 unsa

228 543 343 593 varietus.
737 605 747 651 ¹

632 721 762 784 Proceru
783 738 861 780 ouen.

300 859 329 924 l)
354 861 411 912 lion
438 865 526 921 ansata
548 857 639 922 pocula
663 871 692 908 ex
718 861 821 919 urgento
845 862 870 907 et
887 858 950 908 vltro
968 857 1119 920 hequentia:
1135 863 1208 912 sunt.
1235 869 1264 908 ex

229 962 317 1026 argilla
352 963 437 1012 minus
473 972 541 1023 sepe
575 965 718 1010 occurrunt.
771 957 837 1008 Sunt
867 962 952 1008 tamen
984 959 1069 1022 aliqua
1097 959 1210 1022 exempla
1236 963 1267 1008 ut

230 1063 356 1114 Staehelh.
381 1062 477 1112 Grilher
499 1062 524 1112 al.
543 1061 577 1112 Η.
601 1059 650 1126 333
674 1050 750 1110 Gerh.
775 1059 825 1108 Uli.
844 1059 875 1110 il.
893 1059 941 1122 ’ἃς
968 1061 1078 1122 scyphos
1096 1060 1175 1110 luisse
1193 1065 1264 1121 puto.

230 1163 335 1214 llariora
352 1163 531 1225 sumentique
548 1163 665 1224 quedam
692 1162 766 1223 longo
793 1162 857 1222 pede
881 1162 1034 1225 insistentia,
1061 1175 1085 1212 v.
1102 1160 1181 1214 Gcrh.
1199 1161 1266 1224 unp.

230 1263 359 1329 Volo373
377 1265 470 1315 Uiuli.
489 1263 537 1328 275
556 1271 616 1314 suut
633 1264 710 1314 etlam
727 1263 866 1326 oescpphiu
883 1264 1013 1329 nonnulla,
1032 1262 1247 1328 v.l’ce.v‚10ii.

301 1365 334 1430 2)
351 1367 458 1418 Bothus
475 1365 546 1416 ansis
564 1365 684 1416 instructa
701 1364 813 1426 vulgaria
831 1370 900 1414 suut.

298 1479 321 1518 a.
355 1467 441 1520 Unum
459 1479 540 1530 genus
558 1467 624 1529 peoe
640 1471 717 1516 earet.
811 1471 815 1478 “

298 1585 325 1620 α.
361 1566 425 1628 Qua
451 1568 563 1629 simplici
591 1568 729 1618 admodum
753 1567 833 1617 lorma
860 1566 955 1617 ostium
979 1565 1071 1617 hubent
1096 1567 1172 1630 paulo
1190 1567 1267 1617 latius

230 1678 307 1730 quarn
325 1669 442 1732 lundum,
459 1681 534 1720 sures
552 1649 678 1731 iere'ipso
696 1669 765 1719 lehre
780 1668 909 1730 appositas
928 1674 953 1718 et
971 1669 1080 1729 equoris
1098 1668 1191 1718 lineam
1209 1680 1268 1718 ser-

230 1774 327 1835 vantes,
345 1773 454 1820 manime
472 1783 502 1821 er
519 1771 608 1820 italico
618 1781 710 1830 genere
720 1769 889 1819 inveniuntur.
923 1769 1080 1831 Plerumque
1095 1770 1189 1820 maiora
1208 1775 1268 1820 sunt

231 1881 308 1932 quam
326 1884 372 1932 pro
390 1872 490 1933 poculis
508 1868 551 1936 (ct.
571 1884 595 1933 p.
615 1867 662 1935 43)
668 1885 677 1931 3
695 1883 718 1922 r.
737 1869 799 1918 Pan.
818 1867 863 1933 iV,
880 1870 924 1920 ho.
959 1869 1017 1922 Alia
1036 1876 1086 1920 tam
1105 1883 1179 1934 parva
1196 1875 1266 1933 sunt,

231 1974 260 2019 nt
276 1971 407 2022 acetabula
424 1972 540 2022 habeam.

298 2075 324 2138 ρ.
359 2070 418 2124 Alia
436 2085 510 2124 aures
533 2073 626 2124 hahent
646 2084 750 2124 sursum
775 2077 885 2139 erectas,
915 2085 999 2136 neque
1019 2073 1132 2136 exceptis
1155 2073 1268 2136 antiquis

231 2173 395 2238 quibusdam,
414 2179 443 2224 ut
460 2173 579 2256 Gargiulo
598 2173 678 2224 Conui
696 2175 746 2225 tah.
756 2172 782 2238 6,
801 2174 950 2236 poculorum
969 2173 1172 2234 magnitudinem
1190 2187 1268 2238 exee-

231 2274 302 2324 dunt
346 2274 426 2324 lieote
443 2275 551 2342 scyphos
574 2275 715 2338 appellasse
738 2276 836 2325 ridetur
854 2274 975 2325 Gerhord.
1000 2274 1064 2336 [lap.
1089 2273 1136 2338 473
1165 2276 1216 2328 llll.
1235 2276 1267 2326 ll.

230 2373 274 2441 2l,
293 2373 334 2425 45.
380 2375 413 2424 lii
437 2377 546 2427 maxime
561 2376 642 2426 rudis
663 2382 688 2426 et
714 2376 823 2438 antique
840 2374 932 2427 Attica
950 2376 1012 2424 artis
1035 2382 1111 2441 sunt;
1137 2379 1219 2427 rarius
1236 2391 1267 2428 er

232 2475 343 2537 perlecto
360 2488 451 2537 genere
469 2482 612 2526 occurrunt.

299 2594 327 2643 y.
361 2574 420 2627 Alia
437 2589 512 2640 parra
529 2579 630 2628 vascula
648 2578 744 2640 duplici
761 2589 880 2628 ansarum
897 2591 990 2640 genere
1005 2585 1091 2629 ornata
1106 2591 1267 2630 commemo-

231 2678 342 2728 ravimus
359 2693 386 2742 p.
405 2677 468 2744 131,
492 2684 544 2730 not.
562 2679 636 2742 Expi.
654 2693 676 2734 r.
696 2679 818 2730 Gerhartl.
835 2680 899 2742 Rap.
918 2678 951 2727 48
957 2697 965 2744 ς
989 2681 1041 2730 ult.
1058 2681 1090 2732 ll.
1109 2676 1152 2730 47.
1195 2680 1267 2730 Ausa

233 2757 347 2829 in'anuli
365 2781 469 2830 modum
488 2782 593 2831 tormata
612 2786 668 2844 apta
693 2788 732 2832 est
758 2781 780 2831 ci
809 2782 853 2843 qui
870 2783 1001 2833 vasculum
1021 2782 1129 2848 accipit,
1154 2781 1266 2832 auricula

232 2880 347 2942 apposita
366 2887 413 2946 est,
432 2888 459 2932 nt
476 2883 508 2933 de
526 2885 595 2936 clavo
613 2884 722 2946 pendere
739 2883 828 2945 possit.
861 2883 1017 2946 Plerumque
1029 2857 1103 2946 plano
1114 2883 1268 2935 runuosun-

232 2981 338 3046 sistunl3
365 2985 411 3034 sed
429 2996 473 3035 ras
490 2997 532 3047 ap.
552 2985 628 3038 Geth.
646 2985 711 3046 liep.
730 2997 756 3035 n.
775 2981 810 3033 49
827 2984 935 3035 turbinis
953 2985 1029 3036 modo
1053 2986 1079 3034 in
1097 2993 1200 3035 acutum
1218 2985 1268 3035 de-

232 3083 302 3133 sinit.
336 3089 368 3135 11
371 3084 454 3154 λημο
456 3084 544 3154 χόην
558 3086 684 3148 appellare
693 3085 783 3147 possit
793 3085 837 3148 qui
846 3084 955 3136 Miillero
964 3087 1049 3137 eredat
1058 3084 1216 3153 (Arch299,
1227 3084 1267 3150 h).

231 3183 287 3234 iios
305 3189 390 3235 autem
409 3187 512 3236 nomine
529 3187 631 3236 tradunt
653 3187 772 3236 ultimum
792 3186 984 3236 Eleusiniorum
1004 3187 1072 3237 diem
1097 3199 1156 3238 esse
1178 3189 1269 3250 appel-

232 3286 310 3335 latum
328 3291 429 3350 propter
447 3288 567 3350 poculum
585 3302 635 3351 qno
653 3293 798 3350 uterentnr3
823 3288 869 3337 scri
887 3288 961 3349 quale
980 3279 1033 3338 hoe'
1044 3289 1164 3351 poculum
1182 3289 1268 3352 luerit,

231 3387 361 3436 nescimus
367 3403 375 3450 ς
393 3399 441 3438 nee
457 3388 598 3439 Athenaeus
616 3387 677 3454 tuo,
691 3399 715 3454 a,
733 3389 777 3451 qui
794 3387 960 3457 βεμβικῶδες
978 3387 1091 3462 {dgnior
1107 3385 1192 3459 ἡσυχῆ
1210 3402 1267 3440 esse

230 3486 302 3554 uicit,
320 3489 403 3551 magis
419 3489 565 3553 sequendus
583 3493 632 3556 cst,
650 3503 726 3552 quam
743 3490 832 3540 Pollux
850 3489 882 3552 X,
900 3487 942 3556 74,
961 3492 1005 3551 qui
1024 3492 1177 3542 eontrarium
1196 3491 1269 3542 amr·

230 3593 297 3654 mul,
324 3601 382 3641 esse
405 3603 449 3640 vas
473 3588 521 3642 οὐκ
543 3591 606 3660 ἔχον
628 3587 693 3652 teir
715 3587 762 3644 τὸν
783 3591 926 3660 πυθμένα,
954 3587 1023 3644 ἀλλὰ
1045 3591 1159 3667 iugulor
1176 3609 1203 3645 τε
1219 3589 1267 3645 eal

230 3687 369 3759 στάσιμον.
404 3691 477 3742 Unde
493 3692 609 3743 Panoika
628 3691 688 3759 (ill,
706 3691 752 3761 st)
771 3705 846 3743 suum
866 3693 964 3760 hahent,
982 3707 1032 3744 non
1051 3695 1174 3756 intelligo.

240 3831 241 3835 ,
299 3789 324 3844 t.
358 3792 418 3842 Alia
435 3795 527 3856 pocula
545 3794 601 3845 sine
619 3795 692 3860 pede,
710 3807 761 3845 non
779 3795 883 3844 auribus
895 3796 941 3845 sed
952 3796 1033 3857 longis
1051 3796 1121 3845 ansis
1135 3795 1267 3857 instructu,

231 3896 333 3954 propter
349 3893 470 3954 pinguem
489 3900 514 3943 et
530 3896 664 3945 rotundum
681 3896 794 3956 speeiem
814 3896 899 3957 potins
916 3895 1054 3962 cantharis,
1072 3909 1149 3958 quam
1165 3896 1268 3958 scyphis
1299 3941 1302 3944 .

229 3994 418 4044 annumeranda
436 3995 552 4044 videntur
570 3994 606 4052 (v.
626 4007 695 4056 supr.
714 4009 739 4056 p.
761 3993 831 4060 137).
867 3988 1021 4058 Exemplum
1039 4010 1061 4050 v.
1080 3998 1143 4050 Pan.
1162 3997 1204 4062 ll,
1223 3994 1265 4045 tr.

230 4095 382 4156 Frequentia
404 4099 464 4143 sunt
481 4107 509 4144 er
528 4095 615 4146 ltalico
637 4107 728 4156 genere
747 4096 817 4144 ansis
836 4110 884 4146 uon
904 4104 954 4148 tam
972 4100 1047 4160 longe
1065 4111 1079 4148 a
1098 4111 1202 4159 corpore
1221 4100 1264 4147 di-

1374 4143 1376 4150 .
1424 4093 1433 4170 l
