2888 4576
239 421 376 484 accedam
398 419 581 500 Asclepiade
604 410 694 494 (488,
716 417 755 498 i),
777 417 990 498 gahaihaitun
1010 421 1185 503 πυθμένας
1209 437 1279 483 esse
1315 428 1319 436 '

238 541 360 602 luridum
383 544 413 600 et
435 539 549 618 pedem.
593 537 655 598 Nec
676 539 755 598 eninr
778 542 838 598 tarn
857 539 956 618 inepte
973 537 1219 614 lusitliomerus‚
1244 545 1279 601 nt

237 659 341 720 eodem
363 658 481 718 nornine
503 657 577 718 duas
598 673 647 717 res
664 657 790 716 maxime
801 656 934 718 diversas
944 656 1137 736 signiticaret,
1160 675 1226 736 aec,
1250 660 1277 718 si

238 777 309 841 illud
322 776 421 838 dicere
432 774 586 853 voluisset,
609 774 714 853 pedem
725 775 892 852 appositum
900 792 977 852 esse,
988 774 1162 854 addidisset,
1184 777 1278 838 etiam

238 895 360 956 lundam
382 910 458 968 esse,
481 893 567 971 quasi
588 892 638 952 hio
659 893 905 971 unquamabesse
920 895 1041 970 posset·
1074 891 1138 953 lmo
1150 891 1277 954 Homeri

238 1012 327 1074 verba
349 1011 522 1090 simpliciter
539 1010 728 1100 intelligenda
739 992 877 1072 videntur
887 1010 924 1070 de
936 1009 1048 1088 duplici
1070 1011 1157 1090 pede,
1179 1010 1276 1072 altero

238 1132 323 1192 alteri
344 1130 494 1207 imposito,
516 1132 549 1190 nt
571 1145 648 1188 unns
664 1126 820 1206 efficiatur,
843 1128 947 1188 eodem
971 1128 1058 1190 modo
1080 1145 1141 1206 quo
1163 1130 1276 1190 cande-

111 1270 113 1275 ·
238 1248 319 1310 labra
340 1265 467 1326 sapecx
483 1245 619 1325 pluribus
637 1245 922 1307 constarevidentur
943 1245 1037 1307 altero
1060 1247 1146 1309 alteri
1168 1264 1276 1327 super-

239 1368 387 1446 imposito.
441 1361 506 1424 lloc
528 1365 558 1424 in
586 1363 709 1424 crateris
731 1364 865 1426 videmus
887 1365 965 1442 apud
987 1363 1115 1442 Zoitgam
1138 1364 1274 1428 Bassiril.

240 1485 298 1546 tab.
318 1479 341 1546 8
362 1487 393 1546 et
412 1476 466 1545 89.

322 1605 511 1683 Δέποιστρον
542 1617 596 1679 pro
628 1596 731 1675 δέπας
764 1601 881 1662 dixerat
912 1599 1119 1680 Antimachus,
1152 1619 1179 1660 r.
1202 1600 1275 1662 Ath.

239 1743 268 1802 p.
291 1717 365 1784 468.

321 1833 353 1902 2
389 1834 573 1901 Ἀλεισον
592 1837 701 1914 sapius
723 1836 841 1917 legitur,
857 1842 911 1898 ·ut
931 1838 961 1898 in
984 1835 1043 1899 Od.
1059 1859 1091 1918 χ,
1113 1832 1149 1899 9:
1171 1831 1277 1900 καλὸν

239 1956 384 2030 ἄλεισον,
403 1952 550 2036 χρύσεον,
573 1951 734 2036 dumetum
772 1953 806 2016 ln
829 1955 1007 2034 etymologia
1029 1955 1119 2016 huius
1137 1954 1275 2016 vocabuli

239 2076 332 2138 multa
352 2073 489 2135 hariolati
511 2077 581 2134 sunt
602 2071 697 2134 Greci
719 2075 913 2151 grammatici,
936 2092 963 2138 v.
986 2073 1058 2136 Aah.
1077 2057 1276 2153 xt‚783‚'n;

239 2215 277 2256 ne
298 2194 479 2256 recentiores
501 2191 621 2268 quidem
632 2189 668 2252 ab
679 2192 717 2252 iis
729 2191 881 2252 discedere
891 2191 1020 2272 audent3
1042 2192 1094 2252 sed
1106 2192 1277 2253 derivatum

239 2317 345 2392 putant
366 2313 402 2371 ah
429 2332 452 2372 n
483 2311 628 2388 privativo
650 2313 681 2370 et
702 2308 795 2384 istoc,
840 2309 964 2388 Virgilio
991 2313 1114 2371 auotme
1141 2311 1277 2387 interpre

239 2435 337 2492 lantes
359 2428 519 2506 “poculum
541 2443 677 2505 asperum
699 2429 819 2506 signis’'.
863 2427 978 2488 Vellem
999 2427 1159 2509 dixissent,
1195 2428 1277 2489 unde

241 2549 370 2609 litteram
403 2569 418 2621 ς
446 2547 587 2604 insertam
616 2549 764 2624 putarent.
818 2545 945 2606 Videtur
974 2543 1106 2609 ἄλεισον
1138 2545 1276 2606 eiusdem

240 2666 342 2744 stirpis
363 2636 430 2724 csse
452 2667 541 2740 atque
563 2659 661 2736 ολέω,
695 2661 802 2738 εἴλλω,
835 2667 866 2724 et
894 2681 911 2724 a
939 2664 1065 2724 rotunda
1093 2661 1188 2724 iorma
1210 2663 1277 2724 dic-

240 2789 303 2845 tum
333 2797 417 2862 esse;
451 2781 572 2858 quicum
594 2782 742 2861 convenit,
773 2783 852 2860 quod
874 2800 921 2860 ap.
943 2780 1014 2843 Ath.
1035 2775 1110 2860 479,
1133 2799 1158 2842 c.
1191 2781 1277 2844 Mar-

239 2917 308 2979 syas
333 2897 459 2984 Pellaeus
481 2898 580 2979 tradit,
609 2891 644 2962 od
662 2895 706 2989 ¹in
732 2900 777 2986 τῷ
804 2898 891 2986 logice
918 2895 1030 2964 donorio
1056 2899 1276 2979 (arrehhnlum,

239 3016 387 3100 κοτύλην)
409 3014 585 3079 καλεῖσθαι
607 3016 739 3083 ἄλεισον
758 3021 811 3080 καὶ
832 3016 954 3084 κύλικα.
975 3051 1018 3066 --
1040 3016 1073 3078 ln
1087 3016 1219 3096 Etymol.
1233 3016 1275 3080 hi.

241 3157 270 3216 p.
291 3132 344 3215 61,
369 3131 409 3194 17
431 3137 489 3206 est,
511 3133 740 3213 Aristophanem
762 3136 871 3198 dixisse
893 3131 961 3200 τὸν
982 3134 1124 3200 ἄλεισον.

323 3249 354 3315 3.
397 3247 610 3333 nanciscor
632 3253 692 3312 vini
714 3251 896 3332 Polyphemo
919 3255 1008 3316 tradit
1023 3253 1123 3316 Ulixes
1146 3253 1226 3333 [od.
1250 3277 1277 3330 ε,

238 3366 329 3444 346),
348 3366 488 3431 Eumoeds
500 3368 576 3432 Ulixi
588 3369 635 3442 (ib
656 3365 988 3447 gw-diciturtoem
999 3367 1277 3455 anomocullss-

241 3495 271 3550 et
281 3512 316 3565 π,
327 3484 391 3560 52).
422 3479 507 3548 'lude
517 3487 708 3566 Asclepiades
719 3507 767 3568 ap.
778 3489 848 3552 Aah.
859 3485 933 3568 477,
946 3491 974 3552 h.
997 3490 1160 3567 concludit,
1182 3493 1276 3552 rusti·

240 3626 308 3668 cum
330 3624 396 3666 csse
419 3605 566 3684 poculum.
620 3605 729 3667 Omnia
756 3609 834 3668 enim
857 3609 886 3667 in
908 3608 967 3670 hoc
989 3608 1131 3669 vocabulo
1153 3611 1279 3670 coniec-

240 3728 308 3784 tura
330 3726 482 3803 nituntur3
513 3730 680 3801 sequuntur
702 3729 801 3785 antem
829 3728 955 3786 maxime
987 3727 1215 3805 etymologiam,
1250 3729 1276 3787 si

242 3857 299 3900 non
315 3845 422 3916 aperte
444 3840 557 3911 lalsam,
579 3844 610 3900 at
631 3842 786 3904 admodum
809 3843 945 3923 dubiam,
979 3845 1057 3922 qnod
1081 3848 1204 3925 putant,
1239 3846 1278 3906 ab

241 3956 361 4032 hedera,
379 3959 485 4042 κισσῷ,
506 3958 619 4018 dictum
641 3975 719 4037 esse,
735 3963 867 4038 outqnia
880 3961 989 4022 hedera
1011 3967 1150 4024 ornatum
1173 3962 1278 4041 inerit,

241 4077 276 4134 ut
300 4070 374 4132 Poll.
397 4069 448 4150 Vl,
469 4069 528 4134 97:
551 4068 586 4168 co*
608 4070 644 4136 δὲ
665 4074 824 4158 κισσύβιον
844 4086 949 4155 sloede
977 4082 1136 4161 περιέθει,
1159 4076 1219 4164 ἀφ’
1241 4075 1280 4147 οὗ
