2888 4576
747 205 791 272 (Β

185 401 187 412 '
252 413 410 476 ridiculum
431 414 605 510 ignorantie
620 413 771 493 specimen
789 413 896 489 edidit3
930 430 999 474 nam
1020 427 1114 491 quum
1135 414 1287 493 antiquior

252 533 461 611 grammaticus
471 529 604 615 τορύνην
617 533 776 610 posuisset,
798 531 946 612 posterior
955 531 1084 594 addidit:
1096 528 1209 614 κορύνη
1220 527 1287 596 <tei

249 647 435 733 χντρόπους,
467 648 546 728 quod
575 666 699 728 prorsus
721 648 829 712 iaisum
851 650 912 726 est,
946 665 1014 711 nam
1035 645 1147 732 κορύνη
1168 655 1214 711 est
1236 667 1285 710 ru·

252 767 360 832 dicuia.

635 965 666 1030 5.
708 967 906 1036 Λάσανον.

339 1117 405 1186 rur
425 1117 625 1203 καλούμενον
640 1117 821 1203 monica
837 1118 902 1184 ἔστι
921 1125 983 1204 μὲν
1002 1122 1058 1184 καὶ
1078 1119 1207 1184 λάσανα
1228 1142 1283 1184 κε-

251 1238 408 1322 κλημένον
428 1232 541 1321 eripete,
562 1239 654 1300 tradit
674 1237 780 1300 Potiux
801 1237 841 1316 X,
862 1234 923 1317 993
947 1243 1037 1320 recte,
1059 1243 1184 1319 excepto
1205 1239 1285 1315 quod

252 1354 397 1422 tricocco
417 1357 517 1418 dicere
539 1356 688 1418 debebat.'
727 1356 900 1435 Sequuntur
929 1375 998 1418 eum
1019 1355 1131 1418 Moeris
1158 1375 1188 1434 p.
1209 1351 1285 1436 250,

252 1474 432 1554 Hesychius,
465 1473 583 1538 Suidas.
636 1474 696 1535 Sed
718 1493 755 1536 ue
777 1475 849 1536 sciis
871 1475 1070 1554 grammaticis
1092 1473 1285 1552 confidamus,

252 1591 464 1654 confirmantur
476 1594 645 1654 testimonie
656 1609 760 1654 eorum
781 1592 819 1653 ub
841 1592 1065 1673 ipsisautiquis
1080 1591 1287 1670 scriptoribus.

252 1709 389 1772 Afferuut
408 1687 521 1772 Dioclis
542 1723 676 1772 versum:
707 1703 775 1774 a’rro
797 1707 948 1775 λασάνων
969 1703 1097 1793 θερμήν
1117 1704 1287 1792 ἀφαιρήσω

249 1824 377 1908 χύτραν,
398 1832 429 1887 et
450 1827 576 1906 legimus
598 1828 628 1889 in
650 1826 702 1888 Ar.
725 1827 795 1888 Pac.
815 1821 896 1888 891:

340 1946 433 2008 Tucci
454 1940 484 2008 δ’
502 1942 566 2027 ὅρα
591 1937 782 2026 mamerto
801 1941 876 2030 ἡμῖν
896 1939 939 2021 ὥς
959 1943 1070 2010 natta

336 2057 402 2125 Aioi
423 2063 522 2126 ταῦτα
543 2065 598 2126 καὶ
618 2059 784 2128 κεκάπνικ’
804 2059 868 2146 ἄρ’·
891 2060 1046 2128 ἕντεῦθεν
1066 2057 1171 2146 γὰρῆ

337 2174 400 2263 πρό
421 2181 476 2247 cori
495 2180 638 2264 πολέμου
659 2176 851 2247 octiduum
872 2181 908 2272 τῇ
929 2179 1027 2272 βουλῇ
1046 2183 1135 2244 ποτέ.

252 2297 453 2377 crotperti,
475 2298 758 2378 caprinumiuiigine
779 2301 897 2378 nigrum
918 2315 996 2380 esse,
1019 2299 1088 2376 quia
1111 2295 1152 2356 ibi
1174 2295 1287 2360 tuerint
1406 2311 1411 2322 ·

252 2415 371 2497 huna,
393 2418 492 2495 quiris
506 2419 597 2497 videt,
619 2437 654 2480 eu
676 2415 847 2494 significari,
869 2416 978 2495 quibus
999 2414 1065 2477 oiice
1086 2417 1286 2494 imponantur.

252 2531 357 2614 Neque
378 2534 436 2596 aiio
458 2553 547 2598 seusu
570 2535 713 2597 Horatius
734 2533 795 2597 Sut.
811 2529 878 2613 1‚6,
891 2528 954 2594 109
975 2533 1060 2613 dixit,
1081 2533 1212 2595 Tuiiium
1233 2551 1286 2594 rus

251 2650 489 2729 proficiscentem
510 2655 642 2732 quinque
663 2669 766 2714 servos
787 2669 889 2714 secum
910 2651 1020 2713 habere
1041 2650 1198 2713 “iasauum
1214 2667 1287 2730 por·

252 2773 350 2830 tontes
381 2772 671 2850 oenophorumque’t
726 2769 821 2830 Homo
852 2743 993 2832 sordidus
1024 2787 1127 2830 secum
1157 2768 1287 2830 habebat

253 2890 351 2949 omnia
365 2887 784 2967 quaeadcoeoamparandam
806 2890 1002 2967 pertinerent,
1024 2905 1062 2948 ne
1083 2890 1113 2948 iu
1136 2903 1286 2965 caupones

252 3005 364 3068 deverti
393 3011 559 3085 cogeretur.
613 3004 694 3069 Mate
725 3006 885 3068 scholiasta
914 3023 979 3066 eam
1000 3005 1071 3066 huic
1094 3005 1204 3066 nomini
1225 3005 1286 3066 rim

252 3122 372 3199 tribuit,
394 3141 462 3202 que
482 3094 586 3203 postea
605 3122 723 3201 vulgata
745 3129 809 3186 erat
830 3125 875 3202 [v.
897 3122 973 3185 ΡοΙΙ.
995 3123 1036 3204 X,
1057 3117 1110 3203 44,
1133 3121 1204 3200 at),
1239 3123 1287 3184 iu·

253 3238 512 3319 teneritque‘uss
526 3244 557 3303 iu
570 3241 963 3322 quoexoueraturrenter'’.
1007 3239 1069 3302 Isto
1089 3258 1161 3302 sune
1182 3257 1285 3303 carere

252 3361 368 3434 poterat
388 3359 525 3423 sordidus
546 3363 665 3438 prator.
