<?xml version="1.0" encoding="UTF-8"?>
<!DOCTYPE html PUBLIC "-//W3C//DTD XHTML 1.0 Transitional//EN"
    "http://www.w3.org/TR/xhtml1/DTD/xhtml1-transitional.dtd">
<html xmlns="http://www.w3.org/1999/xhtml" xml:lang="en" lang="en">
 <head>
  <title>
</title>
<meta http-equiv="Content-Type" content="text/html;charset=utf-8" />
  <meta name='ocr-system' content='tesseract 3.04.00' />
  <meta name='ocr-capabilities' content='ocr_page ocr_carea ocr_par ocr_line ocrx_word'/>
</head>
<body>
  <div class='ocr_page' id='page_1' title='image "./denominibusvaso01ussigoog_0050.png"; bbox 0 0 2876 4580; ppageno 0'>
   <div class='ocr_carea' id='block_1_1' title="bbox 739 215 782 280">
    <p class='ocr_par' dir='ltr' id='par_1_1' title="bbox 739 215 782 280">
     <span class='ocr_line' id='line_1_1' title="bbox 739 215 782 280; baseline 0 0"><span class='ocrx_word' id='word_1_1' title='bbox 739 215 782 280; x_wconf 85' lang='grc'><strong>44</strong></span> 
     </span>
    </p>
   </div>
   <div class='ocr_carea' id='block_1_2' title="bbox 227 410 1307 2977">
    <p class='ocr_par' dir='ltr' id='par_1_2' title="bbox 244 410 1289 1310">
     <span class='ocr_line' id='line_1_2' title="bbox 246 410 1289 500; baseline -0.002 -18"><span class='ocrx_word' id='word_1_2' title='bbox 246 421 321 500; x_wconf 77' lang='lat' dir='ltr'><strong>llap.</strong></span> <span class='ocrx_word' id='word_1_3' title='bbox 346 419 428 483; x_wconf 82' lang='lat' dir='ltr'><strong>Volo.</strong></span> <span class='ocrx_word' id='word_1_4' title='bbox 451 438 479 482; x_wconf 90' lang='lat' dir='ltr'><strong>n.</strong></span> <span class='ocrx_word' id='word_1_5' title='bbox 500 413 559 499; x_wconf 74' lang='lat'><strong>233</strong></span> <span class='ocrx_word' id='word_1_6' title='bbox 576 417 622 481; x_wconf 74' lang='lat' dir='ltr'><strong>ol.</strong></span> <span class='ocrx_word' id='word_1_7' title='bbox 632 416 809 481; x_wconf 79' lang='lat' dir='ltr'><strong>Brnridsied.</strong></span> <span class='ocrx_word' id='word_1_8' title='bbox 829 410 873 478; x_wconf 79' lang='lat'><strong>32</strong></span> <span class='ocrx_word' id='word_1_9' title='bbox 886 417 980 480; x_wconf 76' lang='lat' dir='ltr'><strong>Vnone</strong></span> <span class='ocrx_word' id='word_1_10' title='bbox 1001 436 1033 481; x_wconf 80' lang='lat' dir='ltr'><strong>u.</strong></span> <span class='ocrx_word' id='word_1_11' title='bbox 1048 413 1103 498; x_wconf 79' lang='grc'><strong>27,</strong></span> <span class='ocrx_word' id='word_1_12' title='bbox 1125 423 1157 479; x_wconf 84' lang='lat' dir='ltr'><strong>et</strong></span> <span class='ocrx_word' id='word_1_13' title='bbox 1166 417 1289 498; x_wconf 75' lang='lat' dir='ltr'><strong>Lnynes</strong></span> 
     </span>
     <span class='ocr_line' id='line_1_3' title="bbox 247 533 1288 618; baseline 0 -20"><span class='ocrx_word' id='word_1_14' title='bbox 247 537 340 600; x_wconf 78' lang='lat' dir='ltr'><strong>Vaees</strong></span> <span class='ocrx_word' id='word_1_15' title='bbox 361 539 459 617; x_wconf 77' lang='lat' dir='ltr'><strong>peirrls</strong></span> <span class='ocrx_word' id='word_1_16' title='bbox 481 538 541 600; x_wconf 85' lang='lat' dir='ltr'><strong>tab.</strong></span> <span class='ocrx_word' id='word_1_17' title='bbox 562 533 622 618; x_wconf 79' lang='lat'><strong>413</strong></span> <span class='ocrx_word' id='word_1_18' title='bbox 665 539 768 597; x_wconf 85' lang='lat' dir='ltr'><strong>oontra</strong></span> <span class='ocrx_word' id='word_1_19' title='bbox 790 553 878 614; x_wconf 84' lang='lat' dir='ltr'><strong>quem</strong></span> <span class='ocrx_word' id='word_1_20' title='bbox 900 538 1052 616; x_wconf 82' lang='lat' dir='ltr'><strong>egregium</strong></span> <span class='ocrx_word' id='word_1_21' title='bbox 1074 539 1171 598; x_wconf 81' lang='lat' dir='ltr'><strong>virum</strong></span> <span class='ocrx_word' id='word_1_22' title='bbox 1192 554 1288 598; x_wconf 89' lang='lat' dir='ltr'><strong>unum</strong></span> 
     </span>
     <span class='ocr_line' id='line_1_4' title="bbox 244 633 1286 734; baseline 0 -17"><span class='ocrx_word' id='word_1_23' title='bbox 244 633 368 718; x_wconf 71' lang='lat' dir='ltr'><strong>monere</strong></span> <span class='ocrx_word' id='word_1_24' title='bbox 400 656 505 732; x_wconf 85' lang='lat' dir='ltr'><strong>lineat,</strong></span> <span class='ocrx_word' id='word_1_25' title='bbox 536 656 636 716; x_wconf 81' lang='lat' dir='ltr'><strong>mirus</strong></span> <span class='ocrx_word' id='word_1_26' title='bbox 667 658 749 715; x_wconf 85' lang='lat' dir='ltr'><strong>rente</strong></span> <span class='ocrx_word' id='word_1_27' title='bbox 778 657 889 734; x_wconf 76' lang='lat' dir='ltr'><strong>statui,</strong></span> <span class='ocrx_word' id='word_1_28' title='bbox 928 655 984 716; x_wconf 85' lang='lat' dir='ltr'><strong>lron</strong></span> <span class='ocrx_word' id='word_1_29' title='bbox 1017 673 1159 716; x_wconf 82' lang='lat' dir='ltr'><strong>mnarum</strong></span> <span class='ocrx_word' id='word_1_30' title='bbox 1191 673 1286 733; x_wconf 85' lang='lat' dir='ltr'><strong>genus</strong></span> 
     </span>
     <span class='ocr_line' id='line_1_5' title="bbox 246 757 1285 854; baseline 0 -18"><span class='ocrx_word' id='word_1_31' title='bbox 246 775 428 854; x_wconf 76' lang='lat' dir='ltr'><strong>Amymonen</strong></span> <span class='ocrx_word' id='word_1_32' title='bbox 453 763 612 853; x_wconf 86' lang='lat' dir='ltr'><strong>¹proprium</strong></span> <span class='ocrx_word' id='word_1_33' title='bbox 644 771 757 853; x_wconf 85' lang='lat' dir='ltr'><strong>luisse,</strong></span> <span class='ocrx_word' id='word_1_34' title='bbox 801 791 894 850; x_wconf 86' lang='lat' dir='ltr'><strong>quum</strong></span> <span class='ocrx_word' id='word_1_35' title='bbox 926 757 1049 851; x_wconf 79' lang='lat' dir='ltr'><strong>prorsus</strong></span> <span class='ocrx_word' id='word_1_36' title='bbox 1080 773 1202 852; x_wconf 81' lang='lat' dir='ltr'><strong>vulgare</strong></span> <span class='ocrx_word' id='word_1_37' title='bbox 1233 775 1285 836; x_wconf 73' lang='lat' dir='ltr'><strong>sit.</strong></span> 
     </span>
     <span class='ocr_line' id='line_1_6' title="bbox 246 889 1286 972; baseline -0.002 -18"><span class='ocrx_word' id='word_1_38' title='bbox 246 891 385 956; x_wconf 86' lang='lat' dir='ltr'><strong>Ceterum</strong></span> <span class='ocrx_word' id='word_1_39' title='bbox 419 909 509 971; x_wconf 82' lang='lat' dir='ltr'><strong>quam</strong></span> <span class='ocrx_word' id='word_1_40' title='bbox 539 892 623 972; x_wconf 87' lang='lat' dir='ltr'><strong>parvi</strong></span> <span class='ocrx_word' id='word_1_41' title='bbox 655 892 802 951; x_wconf 78' lang='lat' dir='ltr'><strong>momenti</strong></span> <span class='ocrx_word' id='word_1_42' title='bbox 835 889 926 953; x_wconf 83' lang='lat' dir='ltr'><strong>inerit</strong></span> <span class='ocrx_word' id='word_1_43' title='bbox 964 890 1077 968; x_wconf 80' lang='lat' dir='ltr'><strong>torma,</strong></span> <span class='ocrx_word' id='word_1_44' title='bbox 1121 891 1286 953; x_wconf 78' lang='lat' dir='ltr'><strong>clarissime</strong></span> 
     </span>
     <span class='ocr_line' id='line_1_7' title="bbox 246 1004 1287 1090; baseline -0.002 -18"><span class='ocrx_word' id='word_1_45' title='bbox 246 1011 378 1072; x_wconf 80' lang='lat' dir='ltr'><strong>ostendit</strong></span> <span class='ocrx_word' id='word_1_46' title='bbox 409 1010 559 1090; x_wconf 79' lang='lat' dir='ltr'><strong>sculptum</strong></span> <span class='ocrx_word' id='word_1_47' title='bbox 588 1025 665 1088; x_wconf 87' lang='lat' dir='ltr'><strong>opus</strong></span> <span class='ocrx_word' id='word_1_48' title='bbox 693 1010 725 1069; x_wconf 85' lang='lat' dir='ltr'><strong>in</strong></span> <span class='ocrx_word' id='word_1_49' title='bbox 760 1007 838 1070; x_wconf 73' lang='lat' dir='ltr'><strong>llus.</strong></span> <span class='ocrx_word' id='word_1_50' title='bbox 866 1008 936 1073; x_wconf 84' lang='lat' dir='ltr'><strong>PCl.</strong></span> <span class='ocrx_word' id='word_1_51' title='bbox 963 1008 1020 1089; x_wconf 84' lang='lat' dir='ltr'><strong>lv,</strong></span> <span class='ocrx_word' id='word_1_52' title='bbox 1052 1004 1111 1088; x_wconf 79' lang='lat'><strong>36,</strong></span> <span class='ocrx_word' id='word_1_53' title='bbox 1142 1009 1196 1070; x_wconf 79' lang='lat' dir='ltr'><strong>uti</strong></span> <span class='ocrx_word' id='word_1_54' title='bbox 1223 1009 1287 1070; x_wconf 80' lang='lat' dir='ltr'><strong>lla·</strong></span> 
     </span>
     <span class='ocr_line' id='line_1_8' title="bbox 246 1127 1287 1209; baseline 0 -19"><span class='ocrx_word' id='word_1_55' title='bbox 246 1130 348 1190; x_wconf 83' lang='lat' dir='ltr'><strong>nnirles</strong></span> <span class='ocrx_word' id='word_1_56' title='bbox 384 1133 558 1209; x_wconf 76' lang='lat' dir='ltr'><strong>spectantur</strong></span> <span class='ocrx_word' id='word_1_57' title='bbox 586 1145 626 1188; x_wconf 85' lang='lat' dir='ltr'><strong>ex</strong></span> <span class='ocrx_word' id='word_1_58' title='bbox 657 1127 742 1189; x_wconf 88' lang='lat' dir='ltr'><strong>urnis</strong></span> <span class='ocrx_word' id='word_1_59' title='bbox 773 1143 862 1206; x_wconf 77' lang='lat' dir='ltr'><strong>qnmu</strong></span> <span class='ocrx_word' id='word_1_60' title='bbox 895 1129 1022 1190; x_wconf 83' lang='lat' dir='ltr'><strong>marimo</strong></span> <span class='ocrx_word' id='word_1_61' title='bbox 1054 1129 1145 1189; x_wconf 78' lang='lat' dir='ltr'><strong>variis</strong></span> <span class='ocrx_word' id='word_1_62' title='bbox 1177 1145 1287 1207; x_wconf 84' lang='lat' dir='ltr'><strong>aquam</strong></span> 
     </span>
     <span class='ocr_line' id='line_1_9' title="bbox 246 1245 414 1310; baseline 0.006 -2"><span class='ocrx_word' id='word_1_63' title='bbox 246 1245 414 1310; x_wconf 76' lang='lat' dir='ltr'><strong>fundentes.</strong></span> 
     </span>
    </p>

    <p class='ocr_par' dir='ltr' id='par_1_3' title="bbox 227 1359 1307 2977">
     <span class='ocr_line' id='line_1_10' title="bbox 330 1359 1283 1448; baseline 0.001 -22"><span class='ocrx_word' id='word_1_64' title='bbox 330 1364 388 1426; x_wconf 84' lang='lat' dir='ltr'><strong>Ssrl</strong></span> <span class='ocrx_word' id='word_1_65' title='bbox 418 1383 455 1426; x_wconf 91' lang='lat' dir='ltr'><strong>ue</strong></span> <span class='ocrx_word' id='word_1_66' title='bbox 483 1364 598 1444; x_wconf 79' lang='lat' dir='ltr'><strong>aqualis</strong></span> <span class='ocrx_word' id='word_1_67' title='bbox 626 1364 746 1443; x_wconf 84' lang='lat' dir='ltr'><strong>quidem</strong></span> <span class='ocrx_word' id='word_1_68' title='bbox 769 1379 890 1444; x_wconf 82' lang='lat' dir='ltr'><strong>semper</strong></span> <span class='ocrx_word' id='word_1_69' title='bbox 916 1369 981 1426; x_wconf 84' lang='lat' dir='ltr'><strong>erat</strong></span> <span class='ocrx_word' id='word_1_70' title='bbox 1008 1359 1115 1448; x_wconf 70' lang='grc' dir='ltr'><strong><em>ὑδρία.</em></strong></span> <span class='ocrx_word' id='word_1_71' title='bbox 1159 1365 1203 1426; x_wconf 83' lang='lat' dir='ltr'><strong>lle</strong></span> <span class='ocrx_word' id='word_1_72' title='bbox 1225 1381 1283 1427; x_wconf 83' lang='lat' dir='ltr'><strong>usu</strong></span> 
     </span>
     <span class='ocr_line' id='line_1_11' title="bbox 245 1479 1285 1548; baseline 0.003 -3"><span class='ocrx_word' id='word_1_73' title='bbox 245 1486 276 1545; x_wconf 92' lang='lat' dir='ltr'><strong>in</strong></span> <span class='ocrx_word' id='word_1_74' title='bbox 309 1485 466 1545; x_wconf 82' lang='lat' dir='ltr'><strong>sortitione</strong></span> <span class='ocrx_word' id='word_1_75' title='bbox 499 1488 529 1544; x_wconf 94' lang='lat' dir='ltr'><strong>et</strong></span> <span class='ocrx_word' id='word_1_76' title='bbox 561 1484 590 1543; x_wconf 94' lang='lat' dir='ltr'><strong>in</strong></span> <span class='ocrx_word' id='word_1_77' title='bbox 629 1481 784 1544; x_wconf 79' lang='lat' dir='ltr'><strong>funeribus</strong></span> <span class='ocrx_word' id='word_1_78' title='bbox 823 1501 892 1542; x_wconf 84' lang='lat' dir='ltr'><strong>mox</strong></span> <span class='ocrx_word' id='word_1_79' title='bbox 923 1483 1099 1545; x_wconf 82' lang='lat' dir='ltr'><strong>videbimus.</strong></span> <span class='ocrx_word' id='word_1_80' title='bbox 1150 1479 1285 1548; x_wconf 68' lang='lat' dir='ltr'><strong>&#39;Elaion</strong></span> 
     </span>
     <span class='ocr_line' id='line_1_12' title="bbox 243 1569 1284 1685; baseline -0.003 -20"><span class='ocrx_word' id='word_1_81' title='bbox 243 1595 356 1685; x_wconf 51' lang='lat' dir='ltr'><strong>tannae</strong></span> <span class='ocrx_word' id='word_1_82' title='bbox 377 1602 449 1663; x_wconf 79' lang='lat' dir='ltr'><strong>utcu</strong></span> <span class='ocrx_word' id='word_1_83' title='bbox 476 1599 576 1664; x_wconf 69' lang='lat' dir='ltr'><strong>senor.</strong></span> <span class='ocrx_word' id='word_1_84' title='bbox 605 1599 691 1661; x_wconf 73' lang='lat' dir='ltr'><strong>arna.</strong></span> <span class='ocrx_word' id='word_1_85' title='bbox 719 1599 804 1662; x_wconf 71' lang='lat' dir='ltr'><strong>uem.</strong></span> <span class='ocrx_word' id='word_1_86' title='bbox 831 1593 887 1679; x_wconf 86' lang='lat'><strong>10,</strong></span> <span class='ocrx_word' id='word_1_87' title='bbox 919 1596 972 1661; x_wconf 80' lang='lat'><strong>64.</strong></span> <span class='ocrx_word' id='word_1_88' title='bbox 1015 1569 1084 1663; x_wconf 76' lang='lat' dir='ltr'><strong>nur</strong></span> <span class='ocrx_word' id='word_1_89' title='bbox 1110 1618 1163 1662; x_wconf 74' lang='lat' dir='ltr'><strong>vn</strong></span> <span class='ocrx_word' id='word_1_90' title='bbox 1189 1599 1284 1662; x_wconf 67' lang='lat' dir='ltr'><strong>rusae</strong></span> 
     </span>
     <span class='ocr_line' id='line_1_13' title="bbox 247 1713 1307 1800; baseline 0 -20"><span class='ocrx_word' id='word_1_91' title='bbox 247 1721 335 1782; x_wconf 87' lang='lat' dir='ltr'><strong>donet</strong></span> <span class='ocrx_word' id='word_1_92' title='bbox 355 1719 461 1780; x_wconf 81' lang='lat' dir='ltr'><strong>Pollux</strong></span> <span class='ocrx_word' id='word_1_93' title='bbox 481 1718 526 1799; x_wconf 87' lang='grc' dir='ltr'><strong>Χ,</strong></span> <span class='ocrx_word' id='word_1_94' title='bbox 559 1713 612 1793; x_wconf 86' lang='grc'><strong>74,</strong></span> <span class='ocrx_word' id='word_1_95' title='bbox 645 1718 733 1779; x_wconf 89' lang='lat' dir='ltr'><strong>modo</strong></span> <span class='ocrx_word' id='word_1_96' title='bbox 754 1721 837 1779; x_wconf 85' lang='lat' dir='ltr'><strong>recle</strong></span> <span class='ocrx_word' id='word_1_97' title='bbox 858 1719 1038 1782; x_wconf 80' lang='lat' dir='ltr'><strong>intellexerit</strong></span> <span class='ocrx_word' id='word_1_98' title='bbox 1059 1719 1169 1800; x_wconf 77' lang='lat' dir='ltr'><strong>ionum,</strong></span> <span class='ocrx_word' id='word_1_99' title='bbox 1190 1724 1307 1798; x_wconf 85' lang='lat' dir='ltr'><strong>quenr&#39;</strong></span> 
     </span>
     <span class='ocr_line' id='line_1_14' title="bbox 245 1833 1283 1919; baseline 0 -21"><span class='ocrx_word' id='word_1_100' title='bbox 245 1839 317 1898; x_wconf 80' lang='lat' dir='ltr'><strong>citat</strong></span> <span class='ocrx_word' id='word_1_101' title='bbox 337 1834 563 1914; x_wconf 74' lang='lat' dir='ltr'><strong>Aristophanis3</strong></span> <span class='ocrx_word' id='word_1_102' title='bbox 596 1836 705 1896; x_wconf 85' lang='lat' dir='ltr'><strong>clarius</strong></span> <span class='ocrx_word' id='word_1_103' title='bbox 726 1835 860 1915; x_wconf 87' lang='lat' dir='ltr'><strong>loquitur</strong></span> <span class='ocrx_word' id='word_1_104' title='bbox 882 1835 1028 1898; x_wconf 87' lang='lat' dir='ltr'><strong>luvenalis</strong></span> <span class='ocrx_word' id='word_1_105' title='bbox 1051 1837 1118 1919; x_wconf 81' lang='lat' dir='ltr'><strong>xv,</strong></span> <span class='ocrx_word' id='word_1_106' title='bbox 1139 1833 1198 1900; x_wconf 78' lang='lat'><strong>⁶25:</strong></span> <span class='ocrx_word' id='word_1_107' title='bbox 1221 1833 1283 1898; x_wconf 83' lang='lat' dir='ltr'><strong>“de</strong></span> 
     </span>
     <span class='ocr_line' id='line_1_15' title="bbox 244 1951 1282 2033; baseline -0.002 -17"><span class='ocrx_word' id='word_1_108' title='bbox 244 1951 401 2033; x_wconf 78' lang='lat' dir='ltr'><strong>Corcyraen</strong></span> <span class='ocrx_word' id='word_1_109' title='bbox 423 1957 566 2014; x_wconf 86' lang='lat' dir='ltr'><strong>temetum</strong></span> <span class='ocrx_word' id='word_1_110' title='bbox 588 1954 705 2015; x_wconf 81' lang='lat' dir='ltr'><strong>drrxerit</strong></span> <span class='ocrx_word' id='word_1_111' title='bbox 726 1952 828 2019; x_wconf 84' lang='lat' dir='ltr'><strong>urna.&#39;’</strong></span> <span class='ocrx_word' id='word_1_112' title='bbox 882 1954 921 2016; x_wconf 86' lang='lat' dir='ltr'><strong>Et</strong></span> <span class='ocrx_word' id='word_1_113' title='bbox 942 1957 972 2016; x_wconf 94' lang='lat' dir='ltr'><strong>in</strong></span> <span class='ocrx_word' id='word_1_114' title='bbox 995 1955 1138 2016; x_wconf 81' lang='lat' dir='ltr'><strong>conviviis</strong></span> <span class='ocrx_word' id='word_1_115' title='bbox 1160 1954 1282 2032; x_wconf 84' lang='lat' dir='ltr'><strong>quidem</strong></span> 
     </span>
     <span class='ocr_line' id='line_1_16' title="bbox 242 2070 1282 2151; baseline -0.001 -17"><span class='ocrx_word' id='word_1_116' title='bbox 242 2070 391 2134; x_wconf 72' lang='lat' dir='ltr'><strong>adhibitus</strong></span> <span class='ocrx_word' id='word_1_117' title='bbox 418 2089 485 2132; x_wconf 85' lang='lat' dir='ltr'><strong>esen</strong></span> <span class='ocrx_word' id='word_1_118' title='bbox 517 2070 656 2150; x_wconf 77' lang='lat' dir='ltr'><strong>hydrius,</strong></span> <span class='ocrx_word' id='word_1_119' title='bbox 690 2073 753 2132; x_wconf 86' lang='lat' dir='ltr'><strong>sire</strong></span> <span class='ocrx_word' id='word_1_120' title='bbox 780 2074 840 2134; x_wconf 83' lang='lat' dir='ltr'><strong>nini</strong></span> <span class='ocrx_word' id='word_1_121' title='bbox 870 2072 982 2134; x_wconf 81' lang='lat' dir='ltr'><strong>luerint</strong></span> <span class='ocrx_word' id='word_1_122' title='bbox 1008 2074 1073 2134; x_wconf 84' lang='lat' dir='ltr'><strong>eive·</strong></span> <span class='ocrx_word' id='word_1_123' title='bbox 1093 2090 1179 2151; x_wconf 76' lang='lat' dir='ltr'><strong>aqum</strong></span> <span class='ocrx_word' id='word_1_124' title='bbox 1200 2089 1282 2151; x_wconf 80' lang='lat' dir='ltr'><strong>rnna,</strong></span> 
     </span>
     <span class='ocr_line' id='line_1_17' title="bbox 242 2184 1280 2270; baseline 0.002 -20"><span class='ocrx_word' id='word_1_125' title='bbox 242 2190 373 2251; x_wconf 85' lang='lat' dir='ltr'><strong>ostendit</strong></span> <span class='ocrx_word' id='word_1_126' title='bbox 401 2206 474 2250; x_wconf 85' lang='lat' dir='ltr'><strong>usus</strong></span> <span class='ocrx_word' id='word_1_127' title='bbox 500 2190 530 2251; x_wconf 91' lang='lat' dir='ltr'><strong>iu</strong></span> <span class='ocrx_word' id='word_1_128' title='bbox 551 2189 706 2250; x_wconf 73' lang='lat' dir='ltr'><strong>Ptolemaei</strong></span> <span class='ocrx_word' id='word_1_129' title='bbox 728 2207 835 2268; x_wconf 84' lang='lat' dir='ltr'><strong>pompe</strong></span> <span class='ocrx_word' id='word_1_130' title='bbox 863 2195 927 2270; x_wconf 83' lang='lat' dir='ltr'><strong>(ap.</strong></span> <span class='ocrx_word' id='word_1_131' title='bbox 956 2191 1028 2254; x_wconf 82' lang='lat' dir='ltr'><strong>Ath.</strong></span> <span class='ocrx_word' id='word_1_132' title='bbox 1050 2191 1095 2270; x_wconf 90' lang='lat' dir='ltr'><strong>V,</strong></span> <span class='ocrx_word' id='word_1_133' title='bbox 1128 2184 1209 2264; x_wconf 83' lang='lat'>199,</span> <span class='ocrx_word' id='word_1_134' title='bbox 1243 2190 1280 2270; x_wconf 71' lang='grc' dir='ltr'><strong>δ,</strong></span> 
     </span>
     <span class='ocr_line' id='line_1_18' title="bbox 241 2301 1282 2389; baseline 0.002 -21"><span class='ocrx_word' id='word_1_135' title='bbox 241 2303 317 2389; x_wconf 70' lang='lat' dir='ltr'><strong>tta),</strong></span> <span class='ocrx_word' id='word_1_136' title='bbox 339 2326 369 2387; x_wconf 83' lang='lat' dir='ltr'><strong>a,</strong></span> <span class='ocrx_word' id='word_1_137' title='bbox 390 2307 424 2381; x_wconf 85' lang='lat' dir='ltr'><strong>b)</strong></span> <span class='ocrx_word' id='word_1_138' title='bbox 446 2312 478 2369; x_wconf 89' lang='lat' dir='ltr'><strong>et</strong></span> <span class='ocrx_word' id='word_1_139' title='bbox 498 2307 650 2386; x_wconf 80' lang='lat' dir='ltr'><strong>Aristoph.</strong></span> <span class='ocrx_word' id='word_1_140' title='bbox 672 2301 849 2388; x_wconf 54' lang='lat' dir='ltr'><strong>nenium</strong></span> <span class='ocrx_word' id='word_1_141' title='bbox 861 2309 913 2370; x_wconf 89' lang='lat' dir='ltr'><strong>ubi</strong></span> <span class='ocrx_word' id='word_1_142' title='bbox 934 2309 1102 2389; x_wconf 78' lang='lat' dir='ltr'><strong>Pruugora</strong></span> <span class='ocrx_word' id='word_1_143' title='bbox 1123 2312 1282 2388; x_wconf 85' lang='lat' dir='ltr'><strong>postquam</strong></span> 
     </span>
     <span class='ocr_line' id='line_1_19' title="bbox 242 2421 1280 2514; baseline -0.002 -26"><span class='ocrx_word' id='word_1_144' title='bbox 242 2421 282 2489; x_wconf 77' lang='lat' dir='ltr'><strong>noi</strong></span> <span class='ocrx_word' id='word_1_145' title='bbox 305 2423 494 2510; x_wconf 72' lang='grc' dir='ltr'><strong><em>δικαστήρια</em></strong></span> <span class='ocrx_word' id='word_1_146' title='bbox 517 2427 644 2488; x_wconf 84' lang='lat' dir='ltr'><strong>triclinia</strong></span> <span class='ocrx_word' id='word_1_147' title='bbox 665 2425 747 2499; x_wconf 84' lang='lat' dir='ltr'><strong>fecit,</strong></span> <span class='ocrx_word' id='word_1_148' title='bbox 770 2429 813 2514; x_wconf 75' lang='grc' dir='ltr'><strong>τῷ</strong></span> <span class='ocrx_word' id='word_1_149' title='bbox 832 2425 950 2511; x_wconf 74' lang='grc' dir='ltr'><strong><em>βήματι</em></strong></span> <span class='ocrx_word' id='word_1_150' title='bbox 971 2445 1026 2506; x_wconf 93' lang='lat' dir='ltr'><strong>pro</strong></span> <span class='ocrx_word' id='word_1_151' title='bbox 1047 2443 1150 2488; x_wconf 83' lang='lat' dir='ltr'><strong>mensa</strong></span> <span class='ocrx_word' id='word_1_152' title='bbox 1172 2427 1280 2502; x_wconf 83' lang='lat' dir='ltr'><strong>utitur,</strong></span> 
     </span>
     <span class='ocr_line' id='line_1_20' title="bbox 241 2514 1279 2628; baseline -0.001 -23"><span class='ocrx_word' id='word_1_153' title='bbox 241 2545 292 2605; x_wconf 86' lang='lat' dir='ltr'><strong>oui</strong></span> <span class='ocrx_word' id='word_1_154' title='bbox 325 2537 396 2617; x_wconf 79' lang='grc' dir='ltr'><strong><em>τοδς</em></strong></span> <span class='ocrx_word' id='word_1_155' title='bbox 426 2514 584 2626; x_wconf 68' lang='grc' dir='ltr'><strong><em>κρατῆρας</em></strong></span> <span class='ocrx_word' id='word_1_156' title='bbox 612 2545 744 2624; x_wconf 82' lang='lat' dir='ltr'><strong>imponat</strong></span> <span class='ocrx_word' id='word_1_157' title='bbox 772 2548 828 2608; x_wconf 74' lang='grc' dir='ltr'><strong>καὶ</strong></span> <span class='ocrx_word' id='word_1_158' title='bbox 855 2540 925 2620; x_wconf 82' lang='grc' dir='ltr'><strong><em>τοδς</em></strong></span> <span class='ocrx_word' id='word_1_159' title='bbox 950 2538 1072 2628; x_wconf 70' lang='grc' dir='ltr'><strong><em>ὑδρίας.</em></strong></span> <span class='ocrx_word' id='word_1_160' title='bbox 1119 2542 1227 2607; x_wconf 80' lang='lat' dir='ltr'><strong>Cicero</strong></span> <span class='ocrx_word' id='word_1_161' title='bbox 1248 2545 1279 2605; x_wconf 86' lang='lat' dir='ltr'><strong>in</strong></span> 
     </span>
     <span class='ocr_line' id='line_1_21' title="bbox 243 2655 1280 2742; baseline 0.002 -20"><span class='ocrx_word' id='word_1_162' title='bbox 243 2661 329 2723; x_wconf 84' lang='lat' dir='ltr'><strong>Vorr.</strong></span> <span class='ocrx_word' id='word_1_163' title='bbox 351 2659 392 2735; x_wconf 89' lang='lat' dir='ltr'><strong>ll,</strong></span> <span class='ocrx_word' id='word_1_164' title='bbox 416 2655 467 2736; x_wconf 85' lang='grc'><strong>19,</strong></span> <span class='ocrx_word' id='word_1_165' title='bbox 488 2656 532 2719; x_wconf 81' lang='grc'><strong>47</strong></span> <span class='ocrx_word' id='word_1_166' title='bbox 552 2665 585 2722; x_wconf 84' lang='lat' dir='ltr'><strong>et</strong></span> <span class='ocrx_word' id='word_1_167' title='bbox 604 2661 657 2742; x_wconf 82' lang='lat' dir='ltr'><strong>lv,</strong></span> <span class='ocrx_word' id='word_1_168' title='bbox 677 2659 738 2742; x_wconf 90' lang='grc'><strong>44,</strong></span> <span class='ocrx_word' id='word_1_169' title='bbox 758 2659 802 2723; x_wconf 82' lang='grc'><strong>97</strong></span> <span class='ocrx_word' id='word_1_170' title='bbox 824 2668 1036 2725; x_wconf 82' lang='lat' dir='ltr'><strong>commemorat</strong></span> <span class='ocrx_word' id='word_1_171' title='bbox 1059 2663 1280 2742; x_wconf 75' lang='lat' dir='ltr'><strong>hydriaenrti·</strong></span> 
     </span>
     <span class='ocr_line' id='line_1_22' title="bbox 227 2777 1279 2858; baseline 0.002 -17"><span class='ocrx_word' id='word_1_172' title='bbox 227 2778 344 2841; x_wconf 72' lang='lat' dir='ltr'><strong>⁸tinioso</strong></span> <span class='ocrx_word' id='word_1_173' title='bbox 365 2777 457 2840; x_wconf 85' lang='lat' dir='ltr'><strong>laetas</strong></span> <span class='ocrx_word' id='word_1_174' title='bbox 478 2797 515 2840; x_wconf 86' lang='lat' dir='ltr'><strong>er</strong></span> <span class='ocrx_word' id='word_1_175' title='bbox 536 2783 660 2858; x_wconf 76' lang='lat' dir='ltr'><strong>argento</strong></span> <span class='ocrx_word' id='word_1_176' title='bbox 680 2785 712 2842; x_wconf 88' lang='lat' dir='ltr'><strong>et</strong></span> <span class='ocrx_word' id='word_1_177' title='bbox 732 2800 793 2844; x_wconf 78' lang='lat' dir='ltr'><strong>mre</strong></span> <span class='ocrx_word' id='word_1_178' title='bbox 810 2779 976 2844; x_wconf 85' lang='lat' dir='ltr'><strong>Corinthio.</strong></span> <span class='ocrx_word' id='word_1_179' title='bbox 1021 2782 1095 2846; x_wconf 85' lang='lat' dir='ltr'><strong>lltul</strong></span> <span class='ocrx_word' id='word_1_180' title='bbox 1115 2786 1175 2857; x_wconf 72' lang='lat' dir='ltr'><strong>eet,</strong></span> <span class='ocrx_word' id='word_1_181' title='bbox 1203 2783 1279 2844; x_wconf 84' lang='lat' dir='ltr'><strong>entis</strong></span> 
     </span>
     <span class='ocr_line' id='line_1_23' title="bbox 241 2896 757 2977; baseline 0.01 -19"><span class='ocrx_word' id='word_1_182' title='bbox 241 2897 302 2958; x_wconf 87' lang='lat' dir='ltr'><strong>late</strong></span> <span class='ocrx_word' id='word_1_183' title='bbox 323 2899 421 2977; x_wconf 83' lang='lat' dir='ltr'><strong>patuit</strong></span> <span class='ocrx_word' id='word_1_184' title='bbox 441 2896 532 2960; x_wconf 79' lang='lat' dir='ltr'><strong>huius</strong></span> <span class='ocrx_word' id='word_1_185' title='bbox 553 2899 681 2961; x_wconf 86' lang='lat' dir='ltr'><strong>neminie</strong></span> <span class='ocrx_word' id='word_1_186' title='bbox 701 2901 757 2963; x_wconf 82' lang='lat' dir='ltr'><strong>nis.</strong></span> 
     </span>
    </p>
   </div>
   <div class='ocr_carea' id='block_1_3' title="bbox 620 3128 923 3216">
    <p class='ocr_par' dir='ltr' id='par_1_4' title="bbox 620 3128 923 3216">
     <span class='ocr_line' id='line_1_24' title="bbox 620 3128 923 3216; baseline 0.02 -22"><span class='ocrx_word' id='word_1_187' title='bbox 620 3128 671 3196; x_wconf 71' lang='lat' dir='ltr'><strong>lli</strong></span> <span class='ocrx_word' id='word_1_188' title='bbox 714 3133 923 3216; x_wconf 60' lang='lat' dir='ltr'><strong>mantell)</strong></span> 
     </span>
    </p>
   </div>
   <div class='ocr_carea' id='block_1_4' title="bbox 239 3285 1280 3728">
    <p class='ocr_par' dir='ltr' id='par_1_5' title="bbox 239 3285 1280 3728">
     <span class='ocr_line' id='line_1_25' title="bbox 241 3285 1280 3369; baseline 0.01 -27"><span class='ocrx_word' id='word_1_189' title='bbox 241 3299 365 3362; x_wconf 82' lang='lat' dir='ltr'><strong>prorsus</strong></span> <span class='ocrx_word' id='word_1_190' title='bbox 388 3286 512 3347; x_wconf 89' lang='lat' dir='ltr'><strong>eandem</strong></span> <span class='ocrx_word' id='word_1_191' title='bbox 533 3285 624 3347; x_wconf 85' lang='lat' dir='ltr'><strong>habet</strong></span> <span class='ocrx_word' id='word_1_192' title='bbox 644 3286 722 3365; x_wconf 82' lang='lat' dir='ltr'><strong>vim,</strong></span> <span class='ocrx_word' id='word_1_193' title='bbox 744 3287 773 3348; x_wconf 89' lang='lat' dir='ltr'><strong>id</strong></span> <span class='ocrx_word' id='word_1_194' title='bbox 796 3289 875 3366; x_wconf 88' lang='lat' dir='ltr'><strong>quod</strong></span> <span class='ocrx_word' id='word_1_195' title='bbox 898 3290 1061 3351; x_wconf 84' lang='lat' dir='ltr'><strong>clarissime</strong></span> <span class='ocrx_word' id='word_1_196' title='bbox 1083 3293 1221 3369; x_wconf 85' lang='lat' dir='ltr'><strong>sequitur</strong></span> <span class='ocrx_word' id='word_1_197' title='bbox 1242 3309 1280 3352; x_wconf 80' lang='lat' dir='ltr'><strong>ex</strong></span> 
     </span>
     <span class='ocr_line' id='line_1_26' title="bbox 241 3395 1280 3488; baseline 0.011 -27"><span class='ocrx_word' id='word_1_198' title='bbox 241 3401 292 3462; x_wconf 80' lang='lat' dir='ltr'><strong>Ar.</strong></span> <span class='ocrx_word' id='word_1_199' title='bbox 314 3401 384 3482; x_wconf 81' lang='lat' dir='ltr'><strong>Lys.</strong></span> <span class='ocrx_word' id='word_1_200' title='bbox 406 3395 481 3476; x_wconf 84' lang='lat'><strong>358,</strong></span> <span class='ocrx_word' id='word_1_201' title='bbox 503 3397 577 3479; x_wconf 81' lang='lat'>370,</span> <span class='ocrx_word' id='word_1_202' title='bbox 598 3399 673 3485; x_wconf 93' lang='grc'>400,</span> <span class='ocrx_word' id='word_1_203' title='bbox 696 3401 771 3487; x_wconf 81' lang='grc'>539,</span> <span class='ocrx_word' id='word_1_204' title='bbox 794 3407 845 3468; x_wconf 89' lang='lat' dir='ltr'><strong>ubi</strong></span> <span class='ocrx_word' id='word_1_205' title='bbox 866 3407 985 3484; x_wconf 79' lang='grc' dir='ltr'><strong><em>κάλπις</em></strong></span> <span class='ocrx_word' id='word_1_206' title='bbox 1006 3409 1126 3480; x_wconf 89' lang='lat' dir='ltr'><strong>dicitur,</strong></span> <span class='ocrx_word' id='word_1_207' title='bbox 1159 3427 1227 3488; x_wconf 77' lang='lat' dir='ltr'><strong>qum</strong></span> <span class='ocrx_word' id='word_1_208' title='bbox 1250 3427 1280 3472; x_wconf 88' lang='lat' dir='ltr'><strong>v.</strong></span> 
     </span>
     <span class='ocr_line' id='line_1_27' title="bbox 239 3505 1280 3604; baseline 0.011 -24"><span class='ocrx_word' id='word_1_209' title='bbox 239 3515 304 3580; x_wconf 79' lang='lat'><strong>327</strong></span> <span class='ocrx_word' id='word_1_210' title='bbox 313 3505 409 3604; x_wconf 77' lang='grc' dir='ltr'><strong><em>ὑδρία</em></strong></span> <span class='ocrx_word' id='word_1_211' title='bbox 431 3524 484 3584; x_wconf 82' lang='lat' dir='ltr'><strong>est</strong></span> <span class='ocrx_word' id='word_1_212' title='bbox 519 3519 600 3581; x_wconf 83' lang='lat' dir='ltr'><strong>ldem</strong></span> <span class='ocrx_word' id='word_1_213' title='bbox 622 3524 750 3600; x_wconf 78' lang='lat' dir='ltr'><strong>aquandi</strong></span> <span class='ocrx_word' id='word_1_214' title='bbox 774 3543 846 3586; x_wconf 82' lang='lat' dir='ltr'><strong>usus</strong></span> <span class='ocrx_word' id='word_1_215' title='bbox 868 3531 915 3588; x_wconf 88' lang='lat' dir='ltr'><strong>eet</strong></span> <span class='ocrx_word' id='word_1_216' title='bbox 935 3529 965 3587; x_wconf 91' lang='lat' dir='ltr'><strong>in</strong></span> <span class='ocrx_word' id='word_1_217' title='bbox 980 3526 1057 3588; x_wconf 82' lang='lat' dir='ltr'><strong>llan.</strong></span> <span class='ocrx_word' id='word_1_218' title='bbox 1071 3521 1173 3590; x_wconf 81' lang='lat'><strong>1339:</strong></span> <span class='ocrx_word' id='word_1_219' title='bbox 1195 3525 1280 3591; x_wconf 77' lang='grc' dir='ltr'><strong><em>κάλ-</em></strong></span> 
     </span>
     <span class='ocr_line' id='line_1_28' title="bbox 239 3634 1278 3728; baseline 0.01 -28"><span class='ocrx_word' id='word_1_220' title='bbox 239 3653 311 3701; x_wconf 83' lang='grc' dir='ltr'><strong><em>πισι</em></strong></span> <span class='ocrx_word' id='word_1_221' title='bbox 339 3634 370 3701; x_wconf 75' lang='grc' dir='ltr'><strong>δ’</strong></span> <span class='ocrx_word' id='word_1_222' title='bbox 397 3635 432 3701; x_wconf 73' lang='grc' dir='ltr'><strong>ἐκ</strong></span> <span class='ocrx_word' id='word_1_223' title='bbox 453 3637 606 3722; x_wconf 75' lang='grc' dir='ltr'><em>ποτάμων</em></span> <span class='ocrx_word' id='word_1_224' title='bbox 629 3637 746 3725; x_wconf 79' lang='grc' dir='ltr'><strong><em>δρόσον</em></strong></span> <span class='ocrx_word' id='word_1_225' title='bbox 768 3642 884 3726; x_wconf 59' lang='lat' dir='ltr'><strong>ripaeos,</strong></span> <span class='ocrx_word' id='word_1_226' title='bbox 914 3649 944 3706; x_wconf 87' lang='lat' dir='ltr'><strong>et</strong></span> <span class='ocrx_word' id='word_1_227' title='bbox 967 3644 1054 3708; x_wconf 86' lang='lat' dir='ltr'><strong>llom.</strong></span> <span class='ocrx_word' id='word_1_228' title='bbox 1074 3643 1136 3707; x_wconf 86' lang='grc' dir='ltr'><strong>Οδ.</strong></span> <span class='ocrx_word' id='word_1_229' title='bbox 1157 3669 1191 3728; x_wconf 84' lang='grc' dir='ltr'><strong>η,</strong></span> <span class='ocrx_word' id='word_1_230' title='bbox 1213 3639 1278 3711; x_wconf 62' lang='lat'><strong>20:</strong></span> 
     </span>
    </p>
   </div>
   <div class='ocr_carea' id='block_1_5' title="bbox 261 3985 1278 4148">
    <p class='ocr_par' dir='ltr' id='par_1_6' title="bbox 261 3985 1278 4148">
     <span class='ocr_line' id='line_1_29' title="bbox 261 3985 1278 4062; baseline 0.016 -27"><span class='ocrx_word' id='word_1_231' title='bbox 261 3986 290 4051; x_wconf 77' lang='lat'><strong>*)</strong></span> <span class='ocrx_word' id='word_1_232' title='bbox 308 3987 399 4037; x_wconf 79' lang='lat' dir='ltr'><strong>Formo</strong></span> <span class='ocrx_word' id='word_1_233' title='bbox 417 3985 564 4050; x_wconf 81' lang='lat' dir='ltr'><strong>posterioris</strong></span> <span class='ocrx_word' id='word_1_234' title='bbox 582 3991 704 4054; x_wconf 85' lang='lat' dir='ltr'><strong>temporis</strong></span> <span class='ocrx_word' id='word_1_235' title='bbox 719 3991 807 4060; x_wconf 71' lang='grc' dir='ltr'><strong><em>κάλπη</em></strong></span> <span class='ocrx_word' id='word_1_236' title='bbox 823 3995 890 4058; x_wconf 87' lang='lat' dir='ltr'><strong>rpurl</strong></span> <span class='ocrx_word' id='word_1_237' title='bbox 913 3997 1032 4059; x_wconf 81' lang='lat' dir='ltr'><strong>nrrthnos</strong></span> <span class='ocrx_word' id='word_1_238' title='bbox 1050 3997 1176 4060; x_wconf 75' lang='lat' dir='ltr'><strong>signifieat</strong></span> <span class='ocrx_word' id='word_1_239' title='bbox 1193 4013 1278 4062; x_wconf 77' lang='lat' dir='ltr'><strong>genus</strong></span> 
     </span>
     <span class='ocr_line' id='line_1_30' title="bbox 308 4073 1276 4148; baseline 0.011 -26"><span class='ocrx_word' id='word_1_240' title='bbox 308 4073 436 4133; x_wconf 79' lang='lat' dir='ltr'><strong>quoddam</strong></span> <span class='ocrx_word' id='word_1_241' title='bbox 455 4075 581 4134; x_wconf 78' lang='lat' dir='ltr'><strong>equestris</strong></span> <span class='ocrx_word' id='word_1_242' title='bbox 597 4077 752 4142; x_wconf 80' lang='lat' dir='ltr'><strong>certaminis,</strong></span> <span class='ocrx_word' id='word_1_243' title='bbox 770 4091 792 4129; x_wconf 84' lang='lat' dir='ltr'><strong>r.</strong></span> <span class='ocrx_word' id='word_1_244' title='bbox 812 4079 919 4130; x_wconf 77' lang='lat' dir='ltr'><strong>Prason.</strong></span> <span class='ocrx_word' id='word_1_245' title='bbox 937 4079 970 4142; x_wconf 84' lang='lat' dir='ltr'><strong>V,</strong></span> <span class='ocrx_word' id='word_1_246' title='bbox 987 4082 1014 4148; x_wconf 90' lang='grc'><strong>9,</strong></span> <span class='ocrx_word' id='word_1_247' title='bbox 1032 4081 1064 4146; x_wconf 75' lang='lat'><strong>23</strong></span> <span class='ocrx_word' id='word_1_248' title='bbox 1082 4081 1232 4135; x_wconf 72' lang='lat' dir='ltr'><strong>Plutllnr.</strong></span> <span class='ocrx_word' id='word_1_249' title='bbox 1249 4085 1276 4133; x_wconf 86' lang='lat'><strong>6.</strong></span> 
     </span>
    </p>
   </div>
   <div class='ocr_carea' id='block_1_6' title="bbox 0 0 1442 4580">
    <p class='ocr_par' dir='ltr' id='par_1_7' title="bbox 0 0 1442 4580">
     <span class='ocr_line' id='line_1_31' title="bbox 0 0 1442 4580; baseline 0 3"><span class='ocrx_word' id='word_1_250' title='bbox 0 0 1442 4580; x_wconf 95' lang='lat' dir='ltr'><strong> </strong></span> 
     </span>
    </p>
   </div>
  </div>
 </body>
</html>
