2876 4580
727 193 768 258 10

639 281 865 292 ——..

235 397 332 457 tiones
355 395 427 458 nibil
443 395 523 458 aliud
538 395 708 474 ostendunt,
732 396 789 456 nisi
804 398 924 476 egregia
964 394 1135 460 Graecorum
1150 400 1271 462 ludendi

234 515 400 591 licentiam3
432 532 511 589 nam,
534 533 628 592 quum
649 513 760 592 aliquid
783 515 972 575 scribendum
993 521 1089 594 essct,
1111 517 1168 578 hoc
1191 521 1271 580 enim

233 651 299 694 mos
326 632 509 712 postulabat,
541 633 613 710 quid
647 631 828 712 scriberent,
861 631 936 694 nihil
970 633 1083 696 referre
1115 635 1270 713 putabant.

234 751 321 812 modo
345 771 382 810 ne
404 767 530 812 uacuum
552 750 682 827 spatium
704 751 934 829 relinqueretur.
974 749 1065 814 Cuius
1087 755 1131 814 rei
1154 754 1270 832 insigne
1337 829 1341 836 ι

234 869 401 948 exemplum
424 872 505 930 extat
526 869 556 928 in
569 865 772 932 Monumentis
788 867 910 931 laeditis
932 867 1065 931 Instituti
1083 871 1221 948 Romani,
1243 869 1270 946 l,

232 981 286 1067 39,
308 986 359 1048 ubi
381 986 445 1048 haec
466 986 606 1064 leguntur
627 987 657 1046 in
680 986 832 1065 epicbysis
848 988 1002 1048 cuiusdam
1015 989 1139 1067 ambitu,
1161 988 1270 1050 litteris

234 1106 402 1166 ornamenti
429 1122 519 1166 causa
549 1108 628 1166 inter
654 1102 724 1164 iolia
752 1105 870 1183 positis:
912 1103 1018 1170 ¹102...
1045 1105 1140 1188 φιλος
1171 1105 1270 1181 nator

233 1222 359 1288 Νικολα
378 1225 548 1305 Δοροθεος
568 1222 681 1297 καλος,
702 1244 801 1306 cupos
823 1222 924 1298 donar,
946 1246 1016 1298 aas,
1035 1245 1169 1318 χατερος
1190 1244 1271 1298 παις

233 1340 347 1416 eclog,
378 1361 496 1422 pervoco
516 1361 615 1422 καμοι
636 1338 734 1404 donar.
788 1338 870 1418 Quin
892 1341 982 1402 etiam
1003 1343 1056 1419 qui
1076 1341 1194 1402 litteras
1215 1357 1270 1402 no·

234 1459 378 1538 sciebant,
400 1458 493 1518 nihilo
515 1459 613 1518 minus
635 1457 764 1518 scribere
786 1458 933 1533 volebant,
956 1463 996 1538 st,
1020 1459 1123 1538 paucis
1140 1458 1268 1536 quibus·

211 1576 300 1638 -dam
322 1575 488 1637 litterarum
511 1576 677 1654 elementis,
700 1574 827 1652 quorum
850 1576 906 1654 ipsi
929 1577 988 1640 vim
1010 1576 1196 1654 ignorabant,
1217 1595 1268 1637 re-

233 1695 347 1772 petitis,
377 1695 580 1772 inscriptionis
608 1693 755 1770 quandam
777 1693 908 1772 speciem
929 1693 1048 1756 efficere
1077 1694 1268 1758 conabantur.

233 1811 424 1889 Quamquam
445 1810 577 1890 fuerunt,
605 1811 657 1889 qui
678 1810 742 1871 heo
768 1811 925 1890 incognitae
947 1811 1055 1890 lingum
1076 1816 1270 1875 monumenta

204 1913 206 1919 Α
233 1931 452 2008 existimarent,
484 1947 576 2008 quum
599 1929 649 1990 alii
671 1930 878 2008 antiquitatem
904 1929 1071 1992 affectatam
1093 1935 1210 2010 putent.
1232 1929 1269 1990 V.

234 2046 367 2108 Gerhard
389 2047 483 2126 llapp.
506 2065 537 2125 p.
559 2042 601 2107 70
621 2065 687 2126 sqq.

317 2162 378 2226 Sed
400 2167 498 2242 magis
516 2167 607 2226 etiam
628 2166 747 2242 mirum,
769 2165 848 2244 quod
870 2169 1043 2244 argumenta
1065 2168 1094 2227 in
1117 2167 1195 2228 rasis
1217 2183 1269 2228 ex·

231 2299 334 2361 pressa
354 2287 496 2361 putarunt
517 2284 679 2378 quidquam
701 2284 826 2361 probare
847 2301 946 2364 posse,
969 2304 1006 2346 ex
1022 2286 1119 2362 iisque
1133 2284 1269 2362 intelligi,

233 2419 292 2480 qua
312 2403 470 2462 occasione
491 2401 609 2478 singula
629 2419 753 2462 munera
766 2401 986 2464 essentoblatn.
1018 2400 1269 2480 Gerhardusqui-

232 2519 300 2580 dem
322 2519 358 2595 [l.
381 2517 401 2578 1.
422 2536 453 2596 p.
475 2513 518 2579 84
539 2525 621 2596 sqq.)
646 2521 702 2580 tria
729 2517 801 2580 iacit
830 2537 955 2598 genera,
988 2520 1144 2598 athletica,
1179 2519 1267 2597 pale·

233 2637 334 2713 sirica,
366 2635 512 2714 nuptialia
533 2636 619 2697 dona.
662 2637 743 2711 Quid
766 2638 844 2696 enim
867 2636 947 2698 aliud
970 2638 1043 2698 nudi
1063 2637 1269 2700 adolescentes

233 2771 302 2814 cum
332 2752 516 2831 strigilibus,
551 2755 607 2814 nisi
640 2752 826 2838 palestram,
859 2753 931 2832 quid
957 2755 1051 2816 Amor
1081 2755 1185 2817 volans
1217 2760 1270 2816 aut

233 2876 351 2950 compta
383 2876 541 2932 stomata
566 2873 683 2952 mulier,
713 2873 771 2934 nisi
799 2873 919 2948 nuptias
951 2871 1117 2950 significare
1148 2869 1268 2950 potnit‘l

232 2989 295 3050 Nec
313 2991 411 3051 minus
425 2993 541 3066 argute,
564 3008 633 3051 eum
655 2971 767 3050 rnorem
788 2988 892 3067 luisse,
914 2990 1101 3051 concluditur
1122 3007 1159 3051 ex
1182 2993 1267 3052 testi·

232 3109 340 3168 moniis
362 3109 554 3186 antiquorum
576 3109 767 3188 scriptorum,
789 3111 823 3170 ut
839 3107 980 3186 Hesychii
1001 3125 1027 3170 s.
1050 3125 1077 3168 v.
1099 3105 1267 3183 λεκανίόες

232 3229 263 3286 ct
276 3224 376 3286 Photii
397 3242 423 3286 s.
444 3243 473 3288 v.
496 3229 646 3308 κέραμον,
669 3225 719 3286 ubi
739 3224 896 3287 traduntur
915 3242 1032 3302 sponsae
1053 3226 1168 3286 maritis
1190 3243 1269 3303 prae·

232 3343 333 3404 buisse
354 3342 536 3421 placentulas
564 3348 594 3404 el
621 3348 752 3404 aromata
780 3343 809 3403 in
833 3341 966 3420 patellis,
1000 3345 1053 3402 aut
1074 3341 1195 3406 Pindari
1218 3341 1269 3404 Ol.

232 3456 254 3520 7
275 3462 358 3537 init,
392 3461 443 3522 ubi
465 3479 550 3522 socer
573 3463 682 3524 dicitur
704 3462 805 3539 generi
827 3464 977 3539 pateram,
1009 3478 1099 3537 quam
1121 3462 1148 3522 ei
1165 3431 1270 3540 propi·

233 3584 350 3658 nmset,
382 3580 510 3656 donare,
543 3598 600 3640 non
621 3579 776 3640 affinitatis
797 3595 887 3639 causa
913 3579 1008 3655 magis
1030 3595 1119 3655 qnam
1142 3579 1269 3640 convivii

235 3698 425 3780 (συμποσίου
446 3720 479 3760 τε
498 3695 594 3779 χάριν
616 3693 715 3772 κᾶδός
735 3719 768 3761 τε
789 3694 936 3778 τιμάσαις
957 3691 1043 3774 ἑόν),·
1066 3713 1133 3758 nam
1152 3697 1182 3757 in
1196 3713 1270 3758 con·

233 3816 319 3876 viriis
341 3814 399 3875 hoc
420 3816 512 3875 moris
534 3819 607 3878 erat.

318 3931 371 3993 llla
399 3950 469 3992 vero
500 3948 622 4010 prorsus
649 3934 809 4010 pervagata
837 3936 884 3992 est
914 3933 1032 4013 opinio,
1063 3931 1166 3992 fictilia
1197 3949 1268 3994 vasa

232 4049 324 4114 luisse
349 4050 473 4129 premio
501 4050 638 4111 ludorum
667 4048 868 4128 publicorum3
912 4050 1011 4127 qualia
1033 4048 1202 4112 boeclbius
1225 4051 1269 4118 (in
