2888 4576
674 255 732 320 ur
854 329 863 336 ,

250 466 281 531 a)
300 463 365 528 Quo
382 474 431 514 una
449 473 510 512 auro
528 466 669 526 portantur,
698 472 787 520 eornm
808 472 878 512 unns
899 460 998 512 videtur
1021 469 1080 510 rese
1104 458 1167 510 osus
1188 459 1221 510 ad
1332 507 1336 514 .

183 555 287 620 ribaria.
321 567 459 629 Nunquam
478 565 542 625 pede
560 563 657 613 munita
675 568 742 612 sunt.

253 682 277 719 a.
310 673 355 719 aut
372 667 445 730 piano
463 671 532 730 sunt,
565 650 569 655 ’

253 772 279 824 b.
311 774 355 820 aut
372 769 534 832 profundiora
540 803 549 833 ,
574 779 642 830 sepe
664 767 733 818 tabro
751 766 888 816 introrsum
906 766 984 832 dexo,
1008 770 1036 816 ut
1053 777 1157 817 umnam
1175 779 1222 817 ex-

185 872 288 922 cludant
306 869 409 921 bibendi
429 882 515 934 usum,
532 881 555 919 ι.
571 869 634 918 Pan.
652 868 698 932 IV,
715 866 764 932 723
784 867 904 930 Gargiuio
922 867 1016 920 Cotton.
1034 851 1121 932 tam,
1139 881 1165 920 n.
1180 868 1225 919 27.

547 1075 847 1086 m

548 1089 847 1102 ffi—

272 1294 396 1355 Peracto
419 1295 488 1374 iam,
515 1310 574 1353 non
596 1291 750 1370 absoiuto‚
777 1289 873 1374 finito,
904 1309 961 1353 non
984 1293 1021 1354 ad
1044 1293 1132 1354 tinem
1154 1311 1223 1373 per·

186 1415 278 1474 ducto
299 1410 442 1491 opusculo
464 1410 500 1471 de
522 1403 691 1472 nominibus
712 1427 850 1470 vasorum
872 1407 1053 1491 Graecorum,
1087 1429 1145 1472 non
1168 1412 1224 1473 du·

187 1532 326 1608 bitomus,
350 1530 421 1608 quin
444 1529 470 1589 si
492 1531 560 1606 quis
582 1528 660 1590 huno
682 1528 813 1589 iibeitum
830 1528 876 1588 vet
898 1529 1015 1608 legerit,
1039 1529 1082 1590 vel
1105 1529 1223 1607 pervol-

187 1651 274 1727 verit,
296 1648 424 1709 libenter
445 1647 485 1706 sit
501 1648 670 1725 quietum,
692 1644 774 1707 vetut
795 1646 820 1706 si
843 1644 963 1724 tongum
985 1665 1038 1726 per
1060 1647 1170 1708 inculta
1192 1651 1224 1707 et

187 1768 307 1856 horrida
325 1766 389 1828 loeo
406 1768 465 1826 iter
481 1767 521 1825 sit
537 1764 715 1826 contentum.
760 1761 849 1842 Quod
870 1782 941 1824 vero
965 1782 1055 1826 unum
1074 1768 1119 1824 est
1131 1762 1226 1823 moie-

187 1887 312 1946 stiamm
330 1884 463 1944 omniurn
476 1887 506 1944 et
517 1883 631 1943 viarum
643 1883 794 1960 solatium,
817 1883 843 1942 si
856 1883 927 1961 quid
939 1883 1036 1961 magni
1047 1886 1080 1945 et
1089 1881 1225 1961 praeclari

187 2002 350 2080 efficiatur,
373 2003 398 2062 si
422 2001 493 2080 quid
517 2003 584 2062 novi
606 2005 637 2062 et
659 2001 721 2060 veri
744 2001 929 2079 inveniatur,
952 2001 981 2060 id
1005 2003 1029 2061 si
1053 2002 1120 2079 quis
1143 2019 1225 2079 qnae·

188 2121 274 2180 sierit
296 2138 366 2180 num
390 2119 446 2180 hoo
468 2119 533 2180 iooo
555 2118 643 2192 adsit,
677 2135 734 2177 non
761 2135 833 2177 saue
863 2117 1036 2178 audebimus
1058 2116 1226 2196 affirmare3

188 2243 293 2299 eontra
314 2236 467 2298 fatendum
490 2243 550 2316 est,
583 2237 693 2315 sepius
726 2252 844 2296 errores
865 2236 999 2297 detectos
1020 2252 1104 2315 tuse,
1137 2253 1226 2314 quam

189 2374 291 2418 verum
314 2359 479 2433 inventum,
502 2357 611 2434 sepius
633 2355 806 2430 extinctum,
830 2353 909 2432 quod
932 2353 1004 2414 iaiso
1027 2353 1125 2414 iumen
1147 2356 1229 2415 esset

190 2473 347 2545 creditum,
380 2491 470 2552 quam
496 2491 601 2534 novam
634 2474 729 2534 iucem
761 2475 904 2551 apertam.
947 2470 1009 2532 Neo
1032 2475 1130 2532 tamen
1153 2471 1226 2532 nihii

191 2593 247 2652 hae
269 2595 457 2670 reputamus
475 2591 623 2653 stinctum.
665 2591 783 2651 Etenim
806 2607 925 2668 semper
947 2590 1031 2651 nobis
1053 2607 1227 2668 persuasum

190 2707 264 2787 fuit,
294 2711 320 2770 si
346 2709 404 2770 hoo
425 2708 557 2769 studium
582 2709 772 2786 antiquorum
794 2712 1052 2770 monumentorum
1074 2708 1121 2769 vei
1143 2707 1227 2769 colii·

190 2826 353 2906 gendorum
374 2827 420 2887 vel
443 2826 683 2905 explicandorum
713 2844 771 2886 oon
799 2827 904 2887 otiosis
937 2825 1106 2887 hominibus
1128 2825 1229 2886 obiee-

135 2947 139 2953 ’
190 2949 365 3025 tomentum,
387 2945 440 3005 sod
462 2943 627 3005 litterarum
642 2945 784 3005 studiosis
806 2943 934 3003 fructum
956 2948 1037 3004 esset
1058 2944 1228 3024 allaturum,

190 3080 306 3124 summa
327 3079 398 3123 cura
419 3068 450 3124 et
470 3064 605 3123 veritatis
622 3062 966 3140 amoreagendumesse.
1011 3061 1114 3139 ltaque
1136 3078 1229 3138 quum

191 3185 221 3242 in
244 3183 300 3243 hae
321 3182 486 3258 questione
510 3181 547 3240 de
568 3179 738 3241 nominibus
751 3197 888 3242 vasorum
905 3185 964 3241 tam
981 3180 1091 3240 multos
1111 3195 1229 3239 errores

191 3301 291 3377 vagari
302 3299 494 3376 vidissemus,
519 3317 580 3371 rem
602 3297 700 3359 denuo
722 3299 908 3375 suscepimus
931 3298 1177 3376 pertractandam,
1201 3295 1230 3357 id

192 3434 283 3478 unum
305 3421 490 3496 spectantes,
524 3420 559 3477 ut
580 3434 649 3476 vera
683 3420 712 3476 et
745 3420 826 3477 certa
858 3418 1063 3476 invenirentur
1092 3415 1229 3488 nominar

192 3555 281 3616 quam
303 3537 406 3614 muita,
432 3534 505 3595 nihii
529 3532 640 3595 reterre
660 3534 804 3598 arbitrati.
849 3533 930 3607 Quid
952 3534 1032 3593 enim
1053 3534 1110 3593 ista
1133 3533 1231 3592 nomi-

193 3673 264 3714 nnm
277 3654 464 3714 multitudine
478 3652 638 3731 lucremur,
661 3653 719 3714 nisi
743 3659 775 3713 ut
797 3651 869 3713 falsa
893 3643 1040 3712 tribuatur
1062 3649 1231 3711 nominibus

192 3771 384 3851 significatio,
419 3771 511 3832 iatsns
533 3787 670 3832 vasorum
699 3789 771 3831 usus
796 3768 889 3830 inisse
910 3764 1056 3847 putetur?
1100 3767 1231 3846 Antiqua

194 3889 372 3952 nominanti
380 3893 461 3951 certa
472 3893 552 3968 suut,
560 3893 641 3966 patet
653 3905 719 3949 esse
731 3887 907 3968 adhibenda,
916 3887 966 3948 ubi
974 3888 1104 3948 nondum
1112 3887 1232 3946 iuventa

192 4012 273 4090 sunt,
296 4008 396 4087 potius
419 4024 491 4067 nova
513 4007 719 4084 finganturxex
742 4008 853 4068 nostris
870 4005 1120 4084 linguisnomina,
1142 4019 1231 4081 qnam

196 4131 228 4188 nt
262 4126 343 4187 inani
376 4123 518 4188 doctrine
549 4127 750 4188 ostentatione
780 4125 825 4186 vei
861 4127 974 4186 ineerta
1004 4120 1161 4184 admodum
1184 4120 1229 4180 vei
