2876 4580
669 200 712 264 37

586 287 805 304 ————

169 405 357 487 Stepbamrs,
384 407 519 489 γυπίνην
538 405 632 466 inisse
653 407 777 468 vitream
798 407 932 484 lagenam
959 407 1088 469 vimineo
1109 407 1207 490 πλέγ-

166 549 247 609 μωιι
274 525 453 602 abductam,
487 523 517 586 ill
540 524 619 604 quod
641 542 709 584 cum
732 525 850 586 illorum
873 529 1041 606 temporum
1062 527 1205 604 simplici·

169 649 231 706 tata
253 661 313 704 nun
335 645 490 724 couvenit3
512 642 577 702 sine
598 641 688 702 dubio
710 641 811 709 fictilis
833 641 890 704 iuit
908 643 1059 706 involucro
1077 645 1204 706 viminac

167 763 300 842 firmata3
345 779 413 822 nam
441 760 520 840 quod
551 763 637 839 putat
658 758 941 839 Schweigbauserus
969 763 1006 823 ad
1028 761 1204 824 Atbcnnum

168 881 227 943 vol.
251 879 317 959 vll,
341 899 369 960 p.
390 873 463 957 135,
486 897 523 939 ex
541 878 616 939 solis
638 879 797 940 viminibus
819 897 886 940 asse
907 877 1031 960 iactam,
1054 847 1203 960 anamodo

168 1001 198 1060 in
221 998 274 1060 tali
297 1015 366 1060 vase
388 999 489 1060 vinum
510 999 625 1060 servari
647 976 884 1078 notuerit,'non
906 998 1051 1078 intelligo.

574 1194 607 1260 8.
650 1195 798 1276 'Anatis

35 1417 37 1420 ,
167 1356 294 1433 primum
315 1351 464 1430 significat
491 1352 598 1432 pellem
625 1353 798 1432 detractam,
827 1353 934 1414 deinde
961 1362 1064 1418 utrem.
1114 1353 1202 1416 Utres

165 1473 294 1533 maxime
314 1469 573 1550 proficiscentibus
593 1474 665 1551 apti.
701 1470 803 1549 Quare
813 1469 942 1550 Calypso
953 1469 1031 1532 Ulixi
1054 1471 1129 1533 duas
1151 1474 1203 1535 dat

165 1576 259 1667 utres,
281 1589 409 1652 alterum
431 1590 511 1670 vini,
532 1589 658 1652 altanum
679 1607 765 1668 aqum
787 1587 863 1662 (01.
886 1611 920 1665 s,
942 1583 1034 1661 265).
1074 1587 1119 1653 ct.
1142 1589 1201 1652 01.

165 1709 197 1788 ζ,
225 1703 285 1787 78;
318 1732 340 1782 ι,
369 1703 447 1788 196;
479 1708 532 1770 Ar.
560 1709 689 1770 Acbarn.
716 1703 790 1768 549.
833 1704 1085 1769 insimulabantur
1111 1708 1200 1769 etiam

163 1828 277 1887 vincare
305 1825 446 1887 mulieres
468 1830 552 1886 utras
573 1843 674 1888 secum
697 1825 818 1903 habere,
841 1845 935 1905 quum
956 1826 1098 1888 solemnia
1121 1826 1200 1888 acia·

57 1974 61 1984 ,
164 1945 285 2009 bracenl
306 1949 349 2016 (v.
375 1945 426 2006 Ar.
455 1943 534 2006 Eccl.
555 1939 636 2024 306;
665 1944 786 2006 Theam.
812 1939 902 2019 733).
955 1943 1108 2024 Praecipuc
1129 1962 1199 2006 vero

163 2061 378 2124 bacchantibus
401 2063 430 2121 in
453 2079 509 2123 usu
531 2066 632 2142 erant3
655 2066 687 2122 ct
714 2064 744 2122 in
768 2061 920 2124 Ptolemaei
941 2080 1051 2141 pompa
1072 2063 1200 2142 legimus

162 2199 254 2242 curru
281 2186 400 2242 vectum
426 2198 495 2240 csse
523 2183 673 2258 ingentem
696 2185 792 2242 utrem
816 2199 852 2241 cx
873 2181 1051 2261 panlhcrum
1074 2180 1198 2258 pellibus

161 2305 322 2362 consutum
337 2301 392 2360 tria
406 2298 497 2360 millia
510 2301 703 2359 metretarum
719 2301 884 2378 capientem
897 2298 985 2371 (Alb.
1000 2297 1036 2375 V,
1061 2293 1132 2379 199,
1154 2302 1198 2372 a).

162 2417 260 2479 Notus
282 2418 378 2478 estin
401 2414 636 2478 Bacchanalibus
658 2416 745 2477 ludus
768 2412 1006 2500 ἄσκωλιασμός,
1029 2386 1080 2477 ubi
1102 2416 1196 2478 alteru

162 2535 239 2614 pede
261 2536 291 2595 in
321 2534 439 2596 utribus
461 2533 607 2595 saltabant
630 2538 673 2609 (v.
697 2534 772 2599 Plat.
793 2534 896 2616 Symp.
919 2531 993 2618 190,
1025 2534 1067 2614 D3
1112 2533 1195 2614 Virg.

161 2652 271 2731 Georg.
293 2653 333 2733 ll,
354 2646 436 2733 2833
459 2651 560 2714 Schcl.
582 2651 633 2714 Ar.
650 2651 731 2714 Plut.
756 2647 840 2714 1120
861 2660 893 2716 st
914 2654 988 2717 Acb.
1014 2647 1113 2732 10023
1136 2651 1198 2714 He·

160 2772 247 2850 sycb.
268 2789 293 2832 s.
322 2787 370 2854 v.;
392 2772 473 2852 alii),
495 2775 563 2831 utre
584 2774 705 2849 praemio
728 2774 876 2853 victorias,
910 2774 972 2834 sive
989 2772 1115 2834 saltandi
1133 2772 1197 2832 sira

161 2887 282 2951 bibendi
303 2893 453 2952 certamen
475 2893 541 2951 erat
562 2895 603 2961 (r.
625 2889 678 2951 Ar.
700 2889 774 2953 Aah.
798 2885 892 2969 1002,
915 2885 999 2950 1025
1021 2895 1116 2970 squ).

246 3005 406 3068 Permultaa
433 3008 577 3086 imagines
604 3008 794 3086 antiquorum
817 3012 901 3070 utres
923 3009 1008 3070 nobis
1031 3026 1196 3088 repraescn·
1296 2997 1299 3004 ’

160 3127 240 3204 taut,
274 3129 305 3186 et
333 3129 439 3187 statum
467 3142 567 3186 aeneae
594 3130 634 3197 (r.
657 3125 763 3186 Kaiser
783 3125 986 3188 Herculauum
1007 3147 1038 3189 u.
1062 3126 1195 3206 Pompeii

159 3242 198 3320 V,
221 3242 301 3304 tabb.
322 3237 366 3302 65
387 3247 417 3304 ὢ
437 3237 509 3320 98),
532 3247 563 3303 ct
585 3260 731 3320 marmora
753 3263 946 3323 gemmaeque
968 3248 1013 3324 (v.
1035 3244 1194 3308 acueret.

160 3361 211 3441 lV,
234 3356 292 3438 283
315 3359 541 3424 Pannik.llech.
561 3359 613 3439 Vl,
637 3356 706 3442 10),
729 3366 760 3422 et
781 3365 851 3440 picti
874 3365 1004 3441 parietes
1024 3369 1055 3423 et
1075 3363 1194 3425 vascula

158 3481 205 3558 (v.
216 3478 324 3540 Kaisar
334 3478 452 3541 Hercul.
467 3479 506 3559 lt,
531 3471 602 3558 1323
623 3478 758 3542 Gerbard
780 3480 979 3542 Auscrleaene
1003 3481 1196 3544 Vasanbilder

157 3595 182 3674 1,
206 3597 286 3660 tabb.
309 3592 363 3674 38,
384 3585 439 3677 55,
461 3593 530 3672 77).

242 3713 355 3794 Sponte
376 3718 523 3794 sequitur,
547 3718 643 3776 utrem
668 3715 835 3776 necessario
857 3734 894 3776 ex
916 3717 998 3777 corio
1019 3714 1128 3792 luisse,
1162 3724 1193 3780 ct

95 3907 100 3932 1
157 3851 286 3912 quarum
307 3851 407 3896 rerum
429 3834 572 3896 vocabula
592 3851 661 3896 eum
684 3827 773 3921 ἅπκῷ
794 3836 957 3914 composita
978 3840 1059 3914 sunt,
1082 3853 1124 3896 sm
1146 3838 1192 3897 in·

120 4022 124 4027 .
156 3952 295 4015 dicantur
316 3969 383 4014 asae
404 3956 550 4026 neurim,
572 3956 606 4014 ul
627 3947 865 4034 α’σκοθύλακος,
888 3949 1073 4039 aaronica,
1095 3949 1192 4019 α’σκο-

157 4071 280 4150 neura.
317 4069 348 4132 Si
372 4066 516 4132 ulteribre
536 4076 711 4147 argumento
734 4089 810 4150 opus
831 4075 881 4150 sit,
904 4074 1080 4152 inspiciatur
1090 4071 1189 4134 Scbol.
