2876 4580
665 246 709 311 79

170 473 219 534 ap.
242 453 312 516 Atb.
336 451 387 532 lv,
411 447 490 534 142,
512 453 542 514 d.
585 456 628 516 sio
650 455 858 534 descripsisset
879 452 1048 516 Cleomenis
1070 472 1208 520 coenam:

172 570 228 636 ἐπί
249 596 283 636 τε
304 574 347 659 τῷ
367 569 494 653 τρίποδι
505 571 630 656 ψυκτήρ
639 571 775 654 χαλκοῦς
797 569 940 637 ἐπέκειτο
961 576 1016 636 καί
1036 572 1135 650 κάδος
1156 579 1210 638 καὶ

169 689 313 775 σκάφιον
334 685 492 772 α’ρχυροῦν
514 689 571 755 δύο
593 689 727 766 κοτύλας
745 691 866 773 χωροῦν
887 694 941 754 καὶ
961 689 1100 769 κύαθος,
1132 688 1153 776 ἡ
1176 689 1209 756 δ’

171 806 312 890 ἐπίχυσις
331 806 445 891 χαλκῆ,
468 783 648 871 Plutarchus
670 810 698 869 in
722 807 832 871 Cleom.
856 815 899 888 (p.
912 803 996 870 1486
1012 809 1132 889 Stepb.)
1154 829 1210 874 sno

170 932 305 1005 tempore
328 927 443 988 notiora
465 945 579 1004 ponens
600 945 658 987 non
681 945 774 1004 pauca
797 931 907 990 mutat:
940 925 1138 1012 ἐπαρθείσης
1159 929 1211 1013 τῆς

170 1043 328 1127 τραπέζης
346 1044 552 1126 εἰσεκομίζετο
565 1047 700 1125 τρίπους,
722 1048 863 1126 κρατῆρα
872 1044 1013 1124 χαλκοῦν
1027 1044 1107 1128 ἔχων
1122 1049 1211 1112 οἴνου

169 1159 287 1246 μεστὸν
308 1165 363 1226 καὶ
383 1163 507 1245 φιάλας
529 1157 669 1245 α’ρχυροῖς
689 1159 857 1237 δικοπίλας
879 1160 947 1226 δύο.

257 1279 412 1344 lllrilicam
436 1281 637 1342 celebritatem
659 1285 815 1342 assecutus
837 1284 886 1342 est
914 1287 1052 1362 psycter,
1086 1288 1120 1344 ut
1142 1282 1211 1343 Pol·

172 1400 225 1460 lux
246 1417 314 1460 eum
341 1396 606 1482 πολοθρίλλητον
627 1399 724 1476 dicat,
758 1397 890 1460 Platonis
918 1399 983 1461 loco
1011 1401 1040 1460 in
1068 1399 1210 1462 Convicio

171 1535 202 1596 p.
222 1512 298 1591 214,
320 1518 361 1594 A,
396 1516 445 1576 ubi
476 1516 645 1578 Alcibiades
677 1519 837 1578 maximum
871 1521 1008 1596 psyctera
1042 1486 1211 1596 accipitet

172 1639 294 1713 epotum
316 1631 433 1695 Socrati
455 1635 553 1698 tradit.
597 1633 725 1697 Notatur
748 1636 853 1697 similis
876 1637 1103 1714 intemperantia
1124 1636 1153 1695 in
1175 1634 1211 1698 lr.

172 1750 327 1813 Menandri
349 1769 440 1831 supra
462 1752 592 1833 laudato,
614 1757 645 1814 et
668 1754 697 1813 in
719 1753 852 1814 Alexidis
873 1771 919 1832 ap.
934 1753 1004 1814 Ath.
1027 1752 1069 1832 ll,
1090 1748 1165 1832 431,
1183 1752 1209 1815 l:

173 1867 307 1952 λουτρόν
328 1867 420 1946 ἐστιν,
443 1862 481 1935 οὗ
501 1869 613 1946 πότος,
636 1873 771 1953 ψυκτῆρι
792 1873 900 1936 πίνειν
921 1873 975 1934 καὶ
997 1868 1116 1946 κάδοις,
1139 1869 1210 1935 θά-

173 2011 270 2064 νατος
296 1992 357 2071 μὲν
386 1981 452 2053 οὖν.
511 1989 555 2050 Ex
584 1987 693 2049 talibus
727 1988 800 2049 locis
832 2006 890 2048 non
925 1990 1038 2068 miror,
1071 1991 1212 2068 antiquos

174 2107 383 2185 grammaticos
395 2105 541 2184 ellecisse,
564 2115 700 2184 psyctera
719 2122 785 2164 esse
805 2106 953 2185 poculum,
974 2107 1026 2166 sed
1049 2109 1153 2186 miror,
1175 2126 1212 2168 ne

174 2224 369 2287 Letronnium
391 2225 512 2303 quidem
534 2242 602 2285 eum
624 2241 755 2285 errorem
778 2218 1212 2302 canisseEphem.Er.1833‚

174 2363 204 2424 p.
225 2339 305 2406 613:
329 2342 384 2404 “le
406 2350 469 2403 mot
491 2347 611 2422 psycter
633 2342 780 2419 designarit
800 2342 881 2402 aussi
904 2359 943 2402 un
965 2358 1034 2401 vase
1055 2341 1073 2402 a
1095 2341 1212 2422 boire”‚

1 2441 11 2510 *1
37 2438 66 2452 '⁵
174 2480 267 2540 quum
289 2463 346 2540 ipsi
369 2462 426 2523 loci
448 2461 669 2540 demonstrent,
703 2461 773 2537 quia
795 2459 899 2539 pocula
923 2476 982 2518 non
1012 2461 1085 2566 satis
1107 2478 1212 2537 magna

174 2582 360 2655 visaessent‚
383 2580 479 2639 maius
501 2596 553 2640 vas
575 2583 815 2657 essearreptum.
857 2576 932 2638 Nam
943 2576 1001 2638 luit
1014 2595 1086 2639 sane
1099 2579 1213 2655 magni·

176 2699 248 2760 tudo
269 2699 415 2777 psycteris
438 2715 495 2756 non
518 2698 641 2776 exigua3
673 2695 836 2758 Alcibiadis
865 2696 914 2758 ille
939 2699 1006 2757 octo
1028 2697 1095 2776 plus
1116 2697 1213 2758 bemi-

176 2833 230 2878 nas
252 2816 402 2895 capiebat3
424 2813 602 2897 ιρικόιυλος
623 2818 669 2875 est
689 2814 916 2894 Alex.ap.Atb.
930 2809 1010 2894 5023
1034 2833 1212 2894 quamquam

178 2934 256 2996 idem
279 2951 383 2994 vanam
399 2917 629 2995 ostentationem
653 2934 791 3012 pauperis
813 2931 942 2992 bominis
963 2931 1064 2992 ridens
1086 2950 1214 2993 comme·

177 3055 275 3112 morat
302 3057 475 3129 argenteum
500 3048 708 3134 ψυκτηρίδιον
736 3050 866 3128 pondere
893 3050 1019 3112 duorum
1047 3049 1213 3128 obolorum,

176 3167 249 3229 ibid.
272 3167 293 3231 ί.
316 3168 457 3246 (Rectius
478 3168 604 3230 fortusse
626 3168 767 3229 scribitur
789 3162 853 3231 δέκ’
874 3161 1007 3248 ὄβόλους
1020 3167 1071 3245 Vl,
1082 3162 1158 3244 230,
1170 3166 1214 3244 ο).

177 3286 337 3365 Nunquam
358 3288 417 3347 nisi
438 3289 524 3348 aenei
545 3291 576 3346 et
597 3288 730 3362 argentei
751 3291 904 3364 psyoteres
915 3290 1193 3346 commemorantur.

262 3404 293 3466 Si
313 3404 436 3466 lormnm
455 3404 603 3483 psyoteris
621 3405 799 3481 querimus,
823 3404 951 3480 primum
974 3408 1111 3464 accurata
1134 3395 1215 3463 extat

177 3508 442 3603 descriptio‘apnd
471 3521 564 3584 schol.
587 3519 748 3584 Clementis
772 3519 791 3582 l.
814 3520 845 3596 1.,
877 3538 966 3598 quem
987 3518 1132 3581 Miillerus
1165 3537 1214 3580 se-

179 3643 283 3720 quitur
310 3644 339 3702 in
367 3641 459 3702 Areb.
482 3636 563 3717 209,
587 3639 613 3719 ί,
647 3637 726 3717 qnod
758 3638 850 3698 miror
882 3655 970 3715 sane,
1004 3654 1070 3697 nam
1098 3637 1216 3699 videtur

179 3758 313 3838 proiecto
336 3761 393 3819 iste
415 3759 521 3837 bomo,
554 3757 634 3818 inani
656 3775 689 3818 se
711 3757 824 3818 iactans
846 3756 1059 3833 ostentatione,
1096 3774 1215 3818 narrare

178 3895 303 3955 eaquae
325 3895 382 3936 non
406 3877 523 3954 scierit;
557 3875 662 3936 saltem
684 3875 851 3936 scholiastae
874 3872 1045 3953 Clementis,
1076 3874 1126 3937 nbi
1149 3893 1215 3936 oum

179 3993 302 4055 Polluce
323 4002 447 4074 pugnat,
471 3993 551 4054 nulla
574 3998 620 4053 est
641 3996 813 4059 auctoritas.
860 3991 993 4076 Ψυκιήρ,
1022 3995 1130 4073 inquit,
1160 4015 1216 4056 κυ-

179 4108 343 4193 λινδρικοῦ
375 4110 532 4195 σχήματος
563 4111 797 4194 succensebit),
831 4110 982 4175 κοίιοιθεν
1014 4106 1129 4174 κιονίδι
1165 4105 1219 4172 ἐπὶ
