2876 4580
645 227 689 296 83

559 317 781 332 ——-

153 435 293 498 Cratinus
315 453 361 514 ap.
380 433 573 496 Plutarchum
596 433 719 514 (Pericl.
733 431 789 514 13)
813 431 957 498 Periclem
980 437 1053 498 dicit
1074 435 1199 501 Odeum
1320 399 1325 410 x

25 555 27 559 ’
153 555 182 615 in
213 557 311 634 capite
340 571 462 632 gerere,
496 573 550 614 nec
582 553 708 632 probare
742 553 868 615 debebat
899 553 1079 617 Letronnius
1113 558 1191 630 (1.1.

154 691 184 752 ρ.
204 667 283 746 614)
307 649 563 750 Schweighlluseri
586 672 877 754 interpretationem,
903 671 1041 735 Creontis
1064 677 1194 754 sinciput

154 793 322 872 comparari
344 791 610 870 poculoinrerso,
633 795 737 868 utpote
758 809 884 852 vacuum
913 797 944 852 et
971 793 1036 852 sine
1058 794 1192 872 cerebro,

154 909 185 972 h.
206 929 234 969 e.
255 910 321 969 siue
342 915 459 988 mente3
491 910 573 988 prius
595 909 856 970 demonstrandum
878 911 947 988 erit,
969 913 1108 991 antiquos
1130 914 1192 974 sin-

152 1029 236 1108 ciput
256 1045 311 1106 pro
334 1029 443 1090 mentis
475 1026 546 1088 sede
573 1025 724 1088 habuisse.
747 1059 789 1070 --
822 1027 932 1089 Verum
955 1030 992 1090 de
1013 1029 1107 1092 forma
1129 1032 1191 1092 dini

151 1147 179 1206 si
200 1148 408 1224 grammaticos
419 1145 612 1226 consulimus,
637 1145 796 1223 dupliciter
819 1146 955 1210 traditur.
999 1146 1075 1208 Nam
1097 1146 1190 1211 schol.

90 1247 92 1250 ⁵
152 1257 451 1326 caramuelis
478 1264 586 1343 docet,
616 1265 794 1346 κεραμεοῦν
819 1283 885 1327 esse
911 1265 1006 1348 βάθει
1026 1267 1190 1352 ποτήριον,

151 1373 337 1448 διιαλεῒται
359 1379 463 1458 divos,
496 1379 576 1465 ὅπερ
598 1380 667 1446 ἄνω
692 1377 857 1465 εὐρύτερον
883 1382 925 1448 ὃν
951 1383 1037 1447 κτίται
1065 1384 1110 1460 εἷς
1137 1379 1192 1464 ὄξὺ

153 1499 252 1585 λήγει,
275 1501 451 1580 quibuscum
464 1500 591 1563 conlerri
604 1504 720 1579 poterat
731 1500 908 1580 Antiphanis
925 1519 1031 1562 versos
1052 1502 1089 1562 de
1109 1503 1195 1579 pileo

152 1621 300 1698 psycteris
323 1637 410 1680 usum
432 1595 580 1698 praebente
603 1637 649 1697 ap.
667 1618 738 1680 ath.
752 1614 827 1697 503,
850 1619 879 1682 b.
924 1617 1033 1680 Contra
1055 1620 1104 1681 alii
1128 1626 1190 1682 ira·

151 1738 243 1814 dunt,
277 1755 335 1797 non
359 1739 389 1798 iu
412 1743 532 1799 acutum
554 1738 683 1817 desisse,
718 1737 771 1797 sed
804 1737 963 1798 rotundum
986 1735 1079 1798 inisse
1102 1737 1188 1819 inira,

151 1861 185 1916 ut
205 1853 304 1917 Schol.
327 1855 379 1919 Ar.
401 1856 491 1936 Vesp.
510 1848 593 1918 618:
616 1853 704 1930 δτνος
725 1852 764 1918 δέ
783 1851 869 1920 ἐστιν
890 1850 1023 1936 α’γγτῒόν
1045 1879 1074 1919 τι
1095 1853 1188 1939 sepui-

151 1995 245 2054 μειον
266 1975 363 2048 οἴνου,
386 1969 455 2039 οἷον
474 1971 621 2056 πρόχνμα
633 1973 697 2052 (i),
717 1972 815 2054 βάσιν
834 1967 891 2038 οὖν
912 1970 994 2056 ἔχον,
1018 1969 1105 2038 elle
1126 1973 1188 2037 xoi-

151 2093 259 2156 τωθεν
278 2085 467 2172 ὕπότροχον.
510 2091 550 2152 Et
567 2091 690 2152 tortasse
712 2091 779 2168 plus
796 2109 891 2172 ‚quam
912 2093 1091 2152 coniecturas
1106 2073 1195 2171 sunt,

151 2225 218 2286 qrrae
241 2209 366 2286 legimus
387 2209 464 2287 apud
487 2208 592 2270 scholl.
616 2202 799 2270 Nub.l474:
819 2206 990 2291 μηχάνημα
1001 2204 1190 2290 ὅστροὶκινον

150 2323 256 2408 ὥσπερ
277 2336 431 2410 σφαῖραν,
454 2319 730 2410 consenescente
748 2322 882 2407 χύτραν,
904 2343 971 2386 uam
987 2343 1035 2403 ap.
1048 2324 1187 2400 atnxl,

140 2439 225 2517 467,
247 2444 265 2505 l.
295 2448 468 2504 auctorest
490 2444 632 2521 Philetas,
656 2443 814 2521 Cyrenaeas
837 2439 1111 2522 mvov'appellasse
1133 2437 1189 2506 cciv

150 2558 387 2646 ποδονιπτῆρα,
396 2561 455 2639 vqui
472 2578 545 2620 sane
556 2562 585 2620 in
598 2561 864 2642 acutum-desinere
877 2579 936 2621 non
949 2565 1056 2638 potest.
1087 2558 1188 2637 Quare

152 2681 234 2740 recte
256 2677 381 2740 lorlasse
392 2677 524 2739 Panolka
542 2677 651 2750 (lisola.
667 2676 690 2755 l,
705 2671 772 2753 15),
794 2677 880 2738 dinus
892 2679 1050 2757 appellarit
1061 2677 1203 2738 rotunda·

152 2795 293 2871 illavasa,
316 2815 384 2874 quae
396 2794 495 2858 Volcis
517 2797 636 2856 inventa
658 2799 729 2856 sunl
750 2813 786 2854 ex
807 2797 930 2873 antiquo
945 2796 1045 2856 Attico
1067 2811 1187 2872 genere,

151 2913 295 2991 peculiari
317 2913 385 2992 pedi
408 2914 568 3002 imposita,
595 2930 649 2973 nec
677 2912 856 2972 Lelronnius
885 2912 903 2971 l.
926 2911 945 2973 l.
973 2910 1052 2972 aliud
1084 2915 1187 2972 contra

151 3031 237 3091 allert
257 3034 483 3111 argumentum,
513 3032 569 3091 nisi
592 3029 695 3092 salsam
716 3031 904 3109 opinionem,
932 3028 1022 3089 dicon
1045 3046 1112 3089 esse
1132 3045 1187 3106 po·

150 3147 262 3209 culum
306 3146 588 3210 Gerhardusaulem
610 3151 675 3209 sinc
696 3123 756 3210 ulla
779 3165 868 3210 causa
889 3143 1017 3230 σκάφην
1034 3150 1065 3206 et
1085 3143 1187 3226 ὄλμον

128 3263 209 3331 ,Ιιοο
231 3281 283 3326 ras
305 3266 463 3344 appellavit
483 3266 575 3344 (Rap.
599 3264 683 3326 Volc.
706 3283 733 3324 n.
755 3260 815 3345 293
837 3263 897 3326 Ult.
918 3263 955 3326 R.
978 3282 1009 3324 n.
1029 3259 1100 3338 26).

555 3464 785 3478 affl

237 3598 337 3650 Fictilis
354 3601 385 3650 ad
404 3599 467 3649 lronc
486 3604 582 3661 partem
597 3596 749 3660 pertinentia
767 3595 891 3659 permulta
908 3595 940 3646 acl
958 3585 1070 3646 nostram
1089 3599 1186 3645 ntalem

150 3701 329 3763 pervenerunt.
362 3699 463 3750 Horum
480 3699 527 3749 trls
545 3698 656 3748 maxime
674 3709 767 3760 genera
785 3685 1006 3748 commemoranda
1024 3701 1092 3748 sunl,
1137 3741 1138 3747 ,

660 3798 680 3847 1.

236 3902 266 3951 ln
285 3902 368 3964 primo
387 3913 478 3963 genere
496 3911 602 3964 corpus,
625 3899 756 3962 amphoris
773 3897 909 3964 pinguius,
936 3895 1036 3949 abscisa
1053 3875 1186 3961 superiore

149 4007 232 4068 porte,
250 4002 345 4052 collum
363 4002 517 4052 latisslmum
532 4001 606 4052 habet
617 4000 780 4065 impositum3
798 4012 866 4051 anso
879 4000 996 4064 utrinque
1013 4000 1078 4050 bine
1096 4011 1110 4048 a
1128 3979 1188 4049 cor-

149 4087 212 4165 pore
230 4102 261 4152 ad
279 4114 410 4152 summum
429 4102 527 4152 luorum
545 4105 690 4166 surgentes,
715 4101 891 4154 columnarum
915 4093 1017 4162 paribus
1034 4113 1085 4170 nou
1103 4099 1184 4148 ‹lissi-

954 4199 984 4246 6*
