2876 4580
719 203 762 268 26

626 290 853 302 ——--——--—-—

226 413 276 473 aiii
298 414 363 472 eins
392 409 465 490 ioci,
502 413 565 470 tum
588 406 714 468 maxime
738 406 871 470 decimus
901 408 991 488 iiber,
1025 413 1076 488 qui
1107 413 1188 472 totus
1217 415 1264 472 est

226 532 299 613 περὶ
320 529 446 595 σκευῶν.
500 513 603 606 Quum
630 528 709 587 eninr
739 527 767 586 in
789 527 999 588 Eratosthenis
1020 531 1265 616 σκευογραφικῷ

227 665 284 709 non
308 650 471 709 invenisset
492 663 559 725 que
580 647 749 723 sperasset,
783 661 816 705 se
838 646 937 724 ipsum
959 645 1017 708 tais
1039 663 1114 724 opus
1136 665 1264 725 compo-

226 769 323 827 suisse
344 768 386 828 ait
409 767 438 826 in
460 764 541 842 praei.
564 763 630 826 iibr.
642 762 682 824 X.
726 761 814 823 Hunc
836 765 984 843 praecipue
1006 764 1112 830 ducem
1134 783 1264 843 soquen-

226 886 297 945 dum
319 901 398 964 esse,
419 886 482 944 iam
500 883 657 944 Aveliinas
678 882 808 961 uiderat,
836 883 921 942 cuius
942 882 1030 943 rerba
1053 881 1184 944 Parsika
1207 902 1264 945 suo

226 1002 302 1062 libro
324 1003 522 1083 prescripsit,
545 1019 671 1080 quorum
698 1002 811 1061 utinam
833 969 948 1062 memor
967 999 1084 1079 fuisset,
1107 1019 1162 1063 nec
1183 1021 1264 1062 sem·

225 1138 280 1198 per
312 1119 461 1198 Hesychio
490 1124 521 1180 et
551 1119 694 1180 Atheneo
726 1119 794 1196 pius
828 1119 990 1181 tribuisset.
1044 1118 1150 1181 Poilux
1182 1121 1264 1180 enim

227 1239 361 1316 quamvis
384 1255 442 1296 non
465 1238 564 1296 omnia
585 1236 772 1315 suppeditet,
795 1255 861 1315 quar
883 1238 1103 1317 desideramus,
1125 1238 1265 1315 quamvis

227 1373 284 1416 non
299 1354 417 1435 ionrras,
441 1354 493 1414 sed
511 1373 620 1432 genera
642 1371 779 1416 vasorum
801 1356 923 1436 indicet,
946 1373 982 1416 ea
1005 1359 1101 1416 tamen
1124 1359 1171 1416 est
1192 1355 1262 1435 fide,

226 1478 260 1534 ut
281 1473 347 1534 sine
369 1491 473 1551 magna
496 1491 586 1534 causa
609 1474 645 1536 ab
668 1491 703 1534 eo
726 1473 840 1550 digredi
864 1491 922 1534 non
945 1475 1044 1537 liceat.

309 1591 454 1670 Sequitur
474 1589 627 1652 dromon
648 1591 841 1671 Naucratita,
875 1593 927 1670 qui
949 1593 1071 1654 ineunte
1094 1593 1182 1654 tortio
1204 1566 1264 1654 sae-

225 1710 292 1770 cuio
312 1711 594 1794 Δειπνοσοφισπόν
615 1709 705 1770 libros
723 1710 911 1787 conscripsit,
933 1727 1010 1789 opus
1031 1716 1152 1790 propter
1174 1713 1263 1772 innu-

225 1829 378 1890 morabiiia
411 1815 477 1896 tere
508 1827 670 1906 fragmenta
699 1830 889 1906 antiquorum
911 1829 1101 1910 scriptorum,
1135 1831 1264 1891 maxime

139 1933 144 1939 ¹
226 1949 408 2008 comicorum
430 1951 596 2028 poetarum,
633 1947 898 2025 pretiosissimum
942 1965 1122 2032 quamquam
1157 1951 1263 2008 auctor

225 2067 325 2143 operis
353 2066 487 2126 doctrina
515 2067 610 2143 magis
631 2084 720 2162 quarn
743 2067 853 2127 iudicio
876 2066 977 2126 valuit.
1020 2065 1112 2127 Libro
1134 2064 1178 2126 Xi
1200 2048 1265 2144 agit

225 2187 299 2265 napi
326 2181 535 2266 ἕκπωμᾴτων,
573 2185 626 2245 sed
657 2187 698 2246 ita
726 2185 853 2262 augendi
881 2187 996 2245 numeri
1025 2185 1193 2265 studiosus,
1229 2190 1264 2245 ut

223 2303 317 2363 multa
346 2307 505 2382 congerat,
539 2319 606 2380 quoe
634 2303 756 2362 minime
782 2303 888 2381 pocuia
910 2307 989 2363 sunt.
1045 2302 1146 2381 Quare
1175 2305 1264 2363 caute

225 2421 382 2482 admodum
403 2423 431 2481 in
443 2419 588 2481 Athenaeo
609 2421 756 2498 agendum
777 2425 834 2498 est,
857 2439 913 2482 nec
934 2422 1098 2500 quidquam
1118 2422 1262 2482 continuo

225 2556 278 2617 pro
300 2556 372 2599 vcro
393 2538 572 2616 habendum,
596 2540 665 2616 quia
680 2539 850 2600 'Athcnoeus
872 2539 988 2600 dixerit

307 2657 448 2734 Magnum
471 2656 601 2717 fructum
621 2657 755 2734 praebent
777 2659 980 2718 commentarii
1007 2657 1132 2738 antiqui,
1156 2658 1262 2736 impri-

223 2775 281 2835 mis
304 2771 422 2834 Scdotr'n
443 2775 475 2833 in
495 2773 726 2854 Aristophanem.
778 2773 873 2836 Multo
895 2775 1052 2870 inferiores
1074 2778 1146 2836 snut
1166 2777 1260 2836 ceteri

224 2893 417 2971 grammatici,
451 2893 636 2973 Hesychius,
669 2893 813 2973 Photius,
846 2893 1085 2972 Etymoiogicum
1106 2893 1261 2972 Magnum,

224 3009 347 3090 Suidas,
371 3010 437 3090 aiii,
470 3013 522 3090 qui
544 3029 636 3091 quum
658 3015 850 3092 antiquorum
871 3012 1050 3090 scriptorum
1073 3011 1140 3071 iibri
1163 3013 1259 3073 indies

224 3130 351 3222 rariores
373 3129 494 3204 fierent,
529 3131 602 3191 nihil
626 3129 688 3191 iere
711 3130 793 3192 atiud
815 3129 967 3206 iecerunt,
1000 3132 1059 3191 nisi
1081 3134 1115 3192 ut
1141 3132 1260 3210 priores

223 3249 429 3324 grammaticos
451 3249 662 3310 exscriberem.
711 3247 817 3328 ltaque
839 3249 1001 3309 carendum
1022 3254 1086 3330 est,
1120 3267 1174 3328 ue,
1207 3250 1260 3312 ubi

223 3366 311 3426 unius
333 3365 421 3443 verba
443 3385 497 3446 per
518 3385 621 3427 omnes
640 3372 805 3447 propagata
827 3351 1039 3444 inueniuntur,
1071 3386 1126 3446 pro
1155 3367 1260 3428 multis

223 3487 405 3546 testimoniis
427 3485 588 3563 habeatur,
620 3484 700 3562 quod
727 3501 820 3546 unum
848 3490 904 3546 est.
949 3484 1028 3548 Raro
1056 3487 1123 3547 nori
1146 3485 1259 3564 aliquid

120 3609 125 3615 '
222 3602 361 3684 afferunt,
383 3601 490 3665 Suidas
512 3604 620 3682 saepius
643 3621 732 3680 quam
753 3583 854 3664 ceteri.

307 3720 352 3782 Ne
363 3721 462 3782 Latini
485 3722 606 3799 quidem
627 3722 810 3799 grammatici
834 3721 947 3783 nulium
969 3695 1096 3782 afferunt
1116 3721 1259 3802 fructum,

221 3841 348 3900 maxime
370 3839 466 3900 Varro
488 3840 563 3900 libro
585 3839 623 3921 V,
646 3843 668 3914 9
692 3831 874 3920 118-1273
908 3844 972 3900 tum
993 3839 1119 3919 Festus,
1142 3837 1259 3902 Nonius

219 3976 249 4036 p.
260 3950 419 4036 543-48,
442 3953 624 4032 Macrobius,
647 3957 698 4034 qui
715 3956 891 4020 Athenaeum
908 3961 1067 4039 exscripsit
1082 3958 1132 4020 tin
1144 3957 1182 4036 V,
1202 3952 1257 4035 21,

220 4075 353 4138 isidorus
374 4078 465 4138 etiarn
488 4077 517 4136 in
540 4074 698 4152 Originum
721 4074 795 4136 iibro
821 4075 889 4138 XX.
