2876 4580
657 203 701 270 43

163 407 302 468 convenit
333 407 371 466 iis
404 407 499 486 rosis,
534 424 601 486 quu
628 406 804 472 Gerhurdus'
827 427 884 472 nou
913 412 979 472 uiuo
1006 414 1088 490 gravi
1110 429 1199 478 tauro

162 525 293 603 scyphos
315 524 483 604 appellarit,
516 543 697 605 quamquam
719 529 831 590 maiori
855 533 945 591 tantu
966 534 1037 591 sunt
1058 531 1199 609 amplitu-

161 643 258 718 dinis,
293 647 328 704 ut
355 661 507 720 uunquam
528 645 634 722 pocula
656 643 751 706 luisse
772 646 943 728 videantur,
976 651 1103 709 maximo
1132 629 1216 728 quae'

110 732 122 742 ’
160 779 250 823 ausas
272 761 393 840 habeut,
417 779 475 822 uou
498 779 618 824 sursum
640 768 772 843 erectas,
795 765 847 825 red
870 783 991 843 prorsus
1012 766 1049 827 ud
1071 769 1200 845 uquorlo

162 879 271 940 lineam
293 881 435 956 emissus,
458 885 492 940 ut
512 879 586 944 Puu.
610 881 647 944 ll.
671 881 727 959 lv,
748 878 801 946 50.
846 883 1019 946 Diiudioeut
1039 883 1107 962 olii3
1130 903 1198 962 ego,

161 997 266 1074 quoles
291 997 323 1058 hi
353 997 418 1058 cudi
446 997 573 1075 luerint,
612 1017 661 1060 mo
689 1001 826 1078 ignorare
853 999 957 1062 luteor.
989 1033 1031 1048 -
1067 1001 1198 1065 l’uuolka

108 1126 111 1131 ’
163 1114 256 1176 lleoh.
275 1114 314 1194 ΙΙ,
338 1109 379 1174 13
400 1113 503 1180 κάδον
524 1116 683 1195 appellavit
705 1118 776 1178 illud
799 1136 892 1195 genus
908 1120 937 1180 in
949 1120 1058 1199 Apulia
1071 1123 1198 1184 maxime

161 1235 326 1310 inventum,
348 1236 427 1313 quod
449 1253 553 1297 ausum
575 1234 665 1296 babet
682 1254 771 1313 supra
793 1238 1107 1315 ostiumoorroolurm
1131 1239 1197 1301 ltuli

161 1353 265 1413 dicunt
294 1351 440 1414 ιιΙιιιιιειιι
468 1371 522 1414 ooo
553 1352 689 1414 mauiuho
717 1370 805 1431 sopra
834 1355 862 1414 lu
888 1355 1007 1419 boooal’
1060 1357 1115 1418 Eut
1142 1357 1198 1418 hoo

161 1487 256 1548 genus
278 1472 464 1549 aptissimum
486 1473 566 1549 quod
588 1470 720 1532 funiculo
742 1473 773 1531 iu
795 1477 917 1550 puteum
945 1474 1129 1552 demittatur,
1165 1481 1199 1538 ut

161 1588 234 1650 mihi
267 1589 387 1667 quidem
419 1591 508 1650 etiam
542 1591 606 1650 cadi
636 1607 730 1668 genus
758 1589 851 1652 fuisse
879 1591 1028 1672 videntur,
1064 1595 1198 1672 quamvis
1250 1565 1252 1568 Ι

158 1708 341 1786 obloquatur
361 1706 543 1782 Letrunuius
565 1709 596 1768 iu
617 1709 778 1787 Euhemer.
802 1703 897 1792 1833,
921 1729 951 1790 p.
972 1706 1045 1774 405.

566 1905 617 1975 12.
642 1908 689 1975 ‘i'
693 1910 793 1996 δρία,

163 2070 197 2126 ut
226 2081 333 2126 nomeu
361 2065 460 2141 ipsum
489 2063 592 2145 docet,
629 2069 676 2126 est
708 2082 784 2126 urna
816 2067 954 2144 uquario3
998 2084 1053 2127 noo
1085 2072 1196 2128 certum

161 2182 310 2260 quandam
341 2183 471 2260 speciem
503 2183 560 2244 hoo
593 2201 701 2244 nomeu
734 2183 861 2262 iudlout3
905 2183 957 2244 sed
990 2183 1196 2261 complectitur

160 2302 260 2360 omnir
281 2317 368 2379 vasu,
402 2299 511 2402 quilius
533 2319 642 2380 aquom
663 2301 710 2362 vel
738 2320 775 2361 ex
801 2299 933 2362 lontibus
961 2302 1115 2381 petebant,
1148 2303 1196 2364 vel

158 2437 213 2499 per
249 2423 368 2498 tempus
399 2402 522 2499 aliquod
552 2419 720 2482 servabant.
764 2417 827 2480 Nou
849 2436 908 2479 unu
931 2437 1039 2497 genere
1060 2421 1096 2481 ud
1118 2419 1195 2482 hauc

159 2556 224 2598 rem
247 2537 421 2613 utebantur,
455 2541 489 2597 ut
510 2555 546 2597 ex
566 2538 698 2614 antiquis
719 2542 802 2616 putet
824 2538 1011 2614 imaginibus.
1055 2538 1196 2601 Videmus

159 2674 265 2717 urnam
297 2658 329 2716 et
360 2653 475 2716 duabus
506 2655 587 2714 ausis
621 2657 782 2730 munitum,
816 2659 850 2716 ut
879 2654 982 2718 Cadmi
1004 2657 1033 2716 iu
1056 2675 1127 2718 vase
1148 2677 1196 2738 ap.

160 2774 314 2852 Millingeu
336 2772 432 2834 Uued.
456 2771 536 2835 Mun.
559 2769 672 2846 1,27‚
695 2779 726 2834 et
746 2777 811 2835 siue
833 2775 924 2850 ausis,
948 2780 981 2837 ut
1003 2777 1031 2836 iu
1055 2775 1196 2854 frequen·

159 2893 240 2954 tibus
269 2891 329 2952 illis
358 2891 529 2952 Fluvlorum
558 2892 735 2970 imaginihus
760 2894 807 2972 (v.
835 2893 954 2954 Miillor.
983 2892 1072 2960 Arclu
1103 2889 1196 2970 roi),

159 3018 191 3072 et
213 3013 292 3090 quod
314 3028 368 3090 pro
390 3011 523 3088 legitimo
545 3009 647 3072 haberi
673 3012 786 3090 possit,
819 3029 878 3072 una
901 3027 973 3072 ansa
1002 3017 1042 3083 (v.
1065 3010 1195 3073 Passerii

158 3129 241 3192 Mon.
254 3130 316 3193 Etr.
334 3131 356 3208 l,
378 3123 438 3203 283
461 3127 675 3204 Staokelbergii
698 3128 812 3191 Gruter
833 3131 861 3190 d.
885 3129 924 3190 Η.
950 3124 1016 3202 16).
1049 3130 1094 3190 lld
1117 3129 1194 3192 hauo

158 3267 248 3310 uuam
270 3265 372 3308 ansam
392 3247 537 3308 accedunt
559 3248 735 3325 plerumque
757 3249 823 3309 duae
845 3248 983 3308 auriculae
992 3247 1031 3322 u)
1054 3249 1083 3307 in
1098 3249 1195 3310 medio

158 3383 294 3444 corpore,
318 3369 351 3424 ut
373 3364 421 3426 illa
444 3366 480 3426 ad
502 3383 628 3426 vacuum
650 3383 701 3426 vas
724 3367 913 3444 portandum,
935 3369 979 3426 sio
1001 3367 1047 3424 ho
1069 3367 1105 3425 ud
1129 3364 1193 3443 ple-

158 3503 231 3544 num
253 3482 415 3544 tollendum
436 3485 576 3560 aptiores.
625 3483 767 3562 Exempla
799 3502 890 3561 quum
912 3483 1192 3563 pronuntiantem,

158 3603 219 3662 duo
246 3601 374 3662 sufficiat
401 3602 569 3662 nominare:
613 3599 692 3663 Mus,
719 3600 822 3662 Blaoas
845 3601 903 3663 lab.
924 3598 962 3674 9,
996 3606 1027 3662 et
1048 3599 1192 3665 Gerhard.

183 3899 212 3965 *)
229 3901 317 3951 liceat
333 3902 402 3951 enim
424 3904 463 3954 sio
485 3905 610 3968 appellare
635 3915 723 3967 parvos
747 3915 821 3954 ansus
844 3906 984 3956 secundum
1009 3908 1192 3960 horizontuleru

229 3985 321 4035 lineam
339 3989 477 4052 appositos,
497 3990 646 4052 plerumque
663 4001 765 4040 sursum
783 3989 874 4056 iturus5
891 3991 1008 4055 quumvis
1026 4005 1101 4044 nomo
1121 3995 1193 4044 Luti-

230 4083 287 4134 nus,
304 4073 373 4134 quod
391 4073 519 4138 sciamus,
538 4073 650 4126 (lirorlt.¹
