2888 4576
632 233 695 298 129

142 445 232 521 qhem
257 439 358 502 laudnt
380 439 449 500 hth.
473 439 491 501 Ι.
517 439 549 516 1.,
575 441 666 501 trudit
688 440 802 519 cymbia
825 458 892 502 esse
913 444 1004 520 γένος
1025 445 1183 525 ποτηρίων

142 563 280 642 βαθέων
300 562 356 621 καὶ
377 555 503 640 ὀρθῶν,
536 560 691 641 πυθμένα
712 555 755 642 μὴ
778 556 912 640 ἐχόντων
936 559 1017 644 μηδὲ
1037 555 1117 636 niro,
1150 565 1181 622 et

143 678 308 757 Nicander,
331 677 557 756 Theopompum
579 679 622 738 sic
644 677 810 755 appellasse
832 674 866 742 ori
885 682 978 760 χωρὶς
997 675 1097 743 niciano
1118 701 1179 744 πο-

141 795 257 879 τήριον.
301 796 372 857 Erec
394 800 425 858 et
446 795 524 856 clare
547 799 628 876 sunt,
650 800 682 855 et
703 813 772 857 vora
793 798 942 859 videntur.
983 797 1181 876 htDidymus

142 917 353 994 grammaticus
375 933 422 993 ap.
448 915 515 974 hth.
536 907 610 992 481,
634 912 654 976 Ι.
678 915 759 990 dicit,
783 912 933 997 ἐπίμηκες
954 916 1039 980 εἶναι
1061 907 1096 979 τὸ
1118 937 1179 980 πο·

142 1030 251 1117 τήριον
272 1028 458 1098 calocerio
480 1031 524 1119 τῷ
543 1031 676 1116 σχήματι
697 1031 882 1115 παρόμοιον
895 1033 1008 1120 πλοίῳ.
1051 1032 1180 1096 Letron·

142 1145 487 1231 ninsiliphem.1833
515 1168 544 1229 p.
566 1146 646 1228 605)
669 1152 840 1230 contendit,
874 1167 943 1212 eum
972 1168 1039 1211 curn
1073 1153 1181 1212 ceteris

142 1271 330 1351 consentire,
371 1274 513 1367 recteque
535 1272 762 1347 interpretatum
795 1287 863 1330 esse
884 1267 1070 1330 Macrobium
1103 1269 1179 1340 (Sat.

144 1389 178 1464 V,
199 1385 258 1462 21)
281 1388 411 1468 “pocula
433 1405 557 1466 proceru
579 1405 614 1448 ec
636 1387 759 1449 navibus
781 1359 918 1449 similia.’'
961 1386 1037 1448 blihi
1059 1389 1179 1466 quidem

142 1507 217 1568 nihil
240 1508 389 1585 stupidius
409 1507 526 1568 videtur
548 1523 636 1584 quam
659 1507 864 1584 interpretatio
887 1503 1045 1603 Macrobii3
1068 1507 1180 1566 namsi

143 1625 480 1700 navibuasimiliasunt,
503 1641 627 1701 proceru
645 1641 711 1684 esee
730 1641 788 1684 non
812 1630 947 1704 possunt,
969 1625 1020 1684 sed
1043 1623 1180 1703 oblonga,

142 1762 210 1822 quae
242 1744 371 1820 vulgaris
394 1747 440 1804 est
467 1742 645 1820 significatio
674 1742 809 1804 vocabuli
846 1740 1008 1827 ἐπιμήκης.
1061 1742 1181 1802 Erravit

143 1867 241 1923 nutem
264 1860 433 1922 Macrobius
456 1865 611 1939 propterea
633 1861 712 1939 quod
735 1860 823 1940 paulo
845 1866 913 1922 ante
933 1859 1070 1923 Callirini
1093 1860 1180 1921 verba

142 1980 180 2040 de
191 1979 355 2055 carchesio,
370 1979 519 2061 ἐπίμηκες
529 1978 689 2061 ποτήριον,
702 1981 913 2058 interpretatus
925 1984 989 2040 erat
1001 1979 1180 2057 “procerum

143 2098 307 2176 poculum”,
331 2097 391 2157 illic
412 2096 539 2157 tortasse
555 2115 636 2175 vere,
660 2115 727 2157 nam
748 2098 867 2158 videtur
887 2115 958 2158 sane
981 2098 1105 2158 altitudo
1127 2115 1180 2176 po·

141 2215 201 2276 culi
224 2217 315 2275 etiam
344 2215 498 2292 longitudo
526 2214 667 2292 appellari
695 2231 792 2292 posse.
821 2195 904 2277 'sed
935 2213 1094 2294 Didymum
1124 2215 1180 2276 hoc

142 2333 329 2413 oonlecisse‚
351 2334 459 2394 docent
470 2333 584 2394 adiecta
608 2334 694 2394 verba
717 2333 754 2393 de
776 2333 970 2394 similitudine
987 2335 1082 2394 navis.
1126 2334 1181 2394 Et·

142 2453 222 2512 enim
255 2452 344 2511 homo
385 2453 443 2511 iste
478 2451 620 2512 librorum
658 2451 754 2512 Muta
786 2453 1016 2530 quingentorum
1053 2453 1181 2528 scriptor

142 2588 179 2628 cx
212 2570 406 2630 similitudine
433 2572 585 2630 nominum
618 2571 748 2650 supplico
781 2576 811 2630 et
838 2567 956 2653 κύμβης
987 2572 1074 2630 nimis
1096 2569 1181 2631 iesti-

145 2692 251 2748 nnnter
277 2689 367 2747 etiarn
397 2686 500 2748 lormoe
527 2687 751 2748 similitudinem
780 2689 896 2765 effecit,
930 2694 961 2749 et
991 2689 1180 2767 cymbiuma

98 2887 101 2898 ι
142 2805 247 2884 cymba
269 2805 315 2866 vel
338 2805 476 2883 poculum
498 2824 515 2866 a
538 2808 654 2884 navigio
677 2806 788 2867 dictum
811 2809 941 2888 putavitp
977 2809 1055 2885 quod
1079 2808 1180 2868 nescio

142 2942 181 2985 an
202 2927 377 2985 oontrnvsit.
427 2923 519 2985 Novo
551 2943 598 2986 res
626 2926 704 2985 enim
728 2927 863 2984 notarum
887 2925 1055 2985 nominibus
1076 2924 1180 3002 appel·

142 3043 259 3121 lantur3
282 3043 313 3102 et
334 3043 402 3120 quis
425 3042 549 3121 dubitat,
573 3043 644 3120 quin
667 3042 774 3121 pocula
795 3043 878 3120 prius
900 3042 1068 3118 habuerint,
1092 3059 1180 3120 quam

143 3157 258 3224 naves?
301 3160 406 3238 ltaque
436 3160 465 3218 iu
494 3159 601 3221 labulis
630 3161 756 3221 traditur
784 3160 835 3221 Sol
865 3160 1018 3222 Oceanum
1046 3163 1182 3221 traiicere

143 3296 202 3338 non
237 3280 372 3358 navigio,
406 3279 458 3338 sed
487 3277 610 3356 poculo3
644 3282 674 3338 et
706 3296 742 3337 ex
771 3279 920 3340 alveorum
949 3284 980 3340 et
1008 3271 1181 3357 poculorum

141 3397 337 3460 similitudine
367 3396 510 3457 naviculae
538 3394 663 3478 σκάφαι
690 3399 722 3456 et
749 3393 867 3478 κύμβαι
893 3429 935 3440 -
965 3395 1002 3455 de
1032 3395 1182 3456 cantharis

142 3533 212 3574 mox
233 3513 397 3576 videbimus
419 3547 461 3558 -
483 3515 569 3575 dicive
591 3518 677 3588 sunt,
715 3519 749 3574 ut
771 3529 826 3574 nos
847 3515 977 3574 minores
998 3513 1103 3573 lintres
1126 3531 1183 3572 nu·

142 3650 212 3693 cum
235 3637 265 3692 et
287 3649 411 3694 ovorum
440 3633 591 3711 putamina
613 3632 748 3694 dicimus.
771 3665 812 3675 -—
845 3629 1016 3691 Posteriore
1050 3635 1182 3708 tempore

143 3767 203 3810 non
226 3767 302 3828 nego
323 3751 413 3810 etiam
441 3751 588 3812 contraria
610 3752 723 3810 ratione
745 3750 818 3824 ludi,
842 3753 876 3810 ut
898 3754 987 3828 potus
1009 3765 1076 3810 cum
1100 3751 1182 3838 unvif

142 3869 263 3945 gatione
295 3867 445 3946 (Epicrat.
474 3888 521 3949 ap.
549 3869 621 3932 hth.
651 3869 714 3950 xl,
739 3863 821 3950 782,
842 3867 855 3928 f
865 3885 874 3947 3
902 3866 1041 3928 hleinelre
1063 3867 1182 3946 Fragm.
1213 3909 1216 3914 -

144 3984 256 4048 Comic.
279 3985 372 4049 Graec.
397 3985 448 4064 ΙΙΙ,
478 4006 507 4064 p.
529 3981 608 4062 372)
642 3992 672 4048 et
702 3987 808 4067 pocula
844 4005 910 4047 cum
944 3977 1070 4063 navigiis
1102 4003 1183 4046 oom-

146 4108 302 4182 parentur‚
321 4104 400 4180 quod
414 4105 443 4164 in
456 4098 564 4190 c'nciccp
576 4105 686 4166 iactum
697 4106 815 4167 videtur
827 4110 856 4166 et
867 4103 985 4186 τριήρει
1003 4107 1047 4175 (v.
1058 4102 1125 4163 inin·
1136 4097 1183 4173 9).

969 4220 986 4264 s
