2876 4580
621 255 659 320 17

530 342 751 356 Ἥ

117 465 152 522 in
179 460 266 524 ltalia
297 466 357 522 tam
387 461 514 538 egregie
544 459 775 540 pulchritudinis
803 463 920 522 inventa
949 477 1030 537 essa,
1070 479 1160 539 quem

113 584 191 640 sunt
219 579 318 660 aliqua
346 577 559 657 Atheniensis,
594 577 681 640 lacilc
709 577 903 657 intelligitur,
937 597 994 639 non
1028 581 1160 640 omnium

117 700 253 775 optima,
288 697 340 758 scd
370 697 503 774 vulgaria
538 695 656 758 vascula
691 699 720 758 in
756 701 817 758 tam
853 697 1031 775 longinquas
1065 701 1160 758 terras

118 819 280 894 exportata
303 829 385 892 csso3
425 816 499 876 satis
522 819 587 894 est,
620 831 714 892 genus
736 831 803 875 esse
826 814 914 877 idem.
969 813 1075 892 Neque
1096 814 1160 876 hoec

118 933 235 1012 argillae
262 931 358 993 solum
385 938 417 993 et
443 932 572 1011 tingendi
601 933 802 1012 pingendiquo
832 933 957 994 rationis
986 935 1033 992 est
1054 931 1161 992 simili-

12 1125 14 1140 ,
117 1055 206 1130 tudo,
228 1051 281 1111 sed
303 1055 334 1111 et
355 1051 448 1112 verba·
466 1055 496 1112 et
519 1051 637 1112 nomina
658 1052 801 1130 inscripta
822 1069 945 1128 prorsus
966 1050 1074 1112 Atticae
1096 1050 1162 1110 dia·

12 1177 14 1248 3
118 1169 192 1231 lecti
215 1173 287 1230 sunt
308 1172 351 1241 (v.
373 1167 473 1231 liram.
497 1186 526 1247 p.
551 1165 613 1229 107
634 1177 728 1248 corp),
752 1173 783 1229 et
804 1170 881 1246 picta
904 1175 1078 1247 argumenta
1099 1151 1162 1250 tarp

119 1288 210 1366 plane
231 1288 346 1365 Attica,
384 1291 418 1347 ut
445 1289 494 1347 vix
520 1287 596 1348 alius
619 1305 708 1366 quam
729 1287 923 1349 Atheniensis
946 1288 1016 1348 talin
1038 1303 1160 1366 expres·

117 1406 205 1466 serit.
260 1404 305 1464 lle
335 1403 561 1465 Panathenaicis
596 1405 747 1484 amphoris
776 1407 834 1466 iam
864 1407 992 1466 diximus
1019 1407 1066 1484 (p.
1092 1401 1159 1480 ll).

119 1522 254 1585 Omnino
276 1523 340 1582 sire
362 1521 476 1587 tabulas
497 1524 685 1604 respicimus,
711 1541 768 1584 non
792 1523 887 1584 solum
909 1529 993 1586 ortus
1016 1523 1159 1584 Minerva

119 1643 220 1720 pictus
243 1642 410 1719 invenitur,
433 1641 485 1701 sed
509 1642 598 1702 etiam
623 1659 722 1720 pugna
746 1642 816 1703 Dee
837 1659 904 1702 cum
927 1640 1078 1722 Neptuno,
1101 1659 1159 1702 non

55 1755 58 1759 ’
120 1757 215 1822 Ceres
236 1759 345 1838 solum,
369 1760 421 1822 scd
443 1764 475 1819 et
489 1759 698 1840 Triptolemus,
723 1777 781 1820 non
803 1759 938 1822 Theseus
960 1763 1085 1838 mutum,
1108 1759 1160 1820 sed

121 1883 153 1939 et
175 1875 227 1939 lilii
251 1878 317 1938 eius
338 1876 464 1938 Acamas
486 1882 517 1937 et
539 1877 704 1956 demopho,
738 1882 802 1938 turn
825 1875 985 1958 Cephalus,
1008 1876 1159 1956 Orithyia,

122 1995 349 2072 Erichthonius,
380 1996 431 2057 alii
454 2002 497 2068 (v.
519 1994 619 2056 liram.
643 2014 671 2074 p.
695 1990 758 2056 187
779 2000 881 2076 sqq.);
919 1996 990 2057 'sivo
1009 1996 1160 2074 vulgarem

120 2117 192 2176 vitas
215 2114 457 2175 consuetudinem
480 2119 667 2191 spectamus,
702 2113 776 2172 nihil
805 2114 899 2190 magis
919 2113 1054 2174 Atticum
1077 2115 1160 2173 inve·

123 2235 182 2293 niri
203 2234 303 2311 potest
323 2233 367 2310 (v.
391 2230 492 2294 liram.
516 2249 545 2308 p.
571 2225 656 2304 189).
709 2229 789 2305 Quid
821 2229 899 2309 quod
928 2231 993 2290 loca
1021 2232 1085 2308 ipsa
1106 2230 1162 2290 At-

122 2353 185 2412 tica
213 2355 300 2423 sunt,
334 2353 368 2410 ut
390 2351 485 2428 tripos
514 2349 667 2410 dedicatus
696 2349 732 2410 ab
754 2349 948 2411 Acamantide
970 2347 1048 2409 tribu
1070 2345 1161 2417 (llus.

122 2469 227 2530 Blacas
255 2467 313 2528 tab.
344 2465 392 2545 1),
426 2467 567 2528 mulieres
594 2466 794 2527 Athenienses
822 2485 859 2528 ex
888 2465 1052 2528 Callirrhoe
1079 2463 1178 2524 iontc.
1270 2470 1272 2476 ’

122 2603 232 2664 aquam
255 2589 389 2664 petentes
412 2586 458 2663 (v.
480 2585 663 2647 Brondsted:
706 2584 731 2645 Α
757 2583 833 2646 brici
859 2586 1041 2663 description
1069 2581 1102 2642 oi
1119 2576 1163 2641 32

122 2707 244 2767 ancient
255 2703 352 2765 Greek
374 2703 493 2782 painted
514 2719 611 2780 vascs,
632 2701 774 2782 loundhy
787 2702 843 2766 hlr.
856 2701 1041 2780 Campanari.
1065 2700 1159 2761 Lond.

12 2791 14 2804 '
123 2819 218 2886 ison
240 2821 292 2883 m.
313 2816 379 2893 27).

189 2939 359 3026 [litierthoo
371 2957 465 3016 genus
478 2958 493 3000 a
507 2941 607 3017 priore
619 2942 692 3012 (vid.
700 2939 789 3002 Gcrh.
797 2940 870 3019 Rap.
878 2959 906 3019 p.
914 2934 955 3001 18
966 2956 1051 3021 sqq.;
1066 2939 1161 3000 Abel.

121 3050 225 3138 piac
238 3061 268 3118 ct
278 3052 359 3134 337)
370 3059 500 3136 primum
512 3059 610 3118 colore
623 3059 787 3120 rubicundo
795 3039 925 3121 Coliadis
938 3059 1060 3137 argilla,
1074 3075 1162 3136 quam

121 3175 312 3260 βάπτεσθαι
329 3169 392 3240 sind
411 3177 462 3259 τῆς
479 3174 590 3257 pitane
601 3177 707 3238 Suidas
718 3178 811 3258 dixit,
833 3183 863 3237 et
877 3177 996 3255 quidem
1009 3180 1162 3237 crescente

53 3304 62 3312 “
123 3299 190 3356 arlo
201 3311 319 3373 semper
331 3295 425 3355 maior
435 3295 480 3352 vis
492 3293 586 3370 rubri,
609 3297 702 3354 maior
713 3296 853 3373 splendor
866 3296 941 3372 nigri
953 3294 1071 3354 coloris.
1099 3285 1163 3354 hu·

12 3399 13 3408 ¹
124 3416 212 3490 getur
233 3410 322 3472 simul
344 3410 505 3472 formarum
528 3412 690 3492 elegantia,
723 3418 850 3490 augetur
873 3415 999 3472 maximo
1020 3409 1160 3488 pingendi

121 3531 241 3610 peritia.
296 3528 365 3604 Quo
388 3528 499 3590 tactum
522 3534 584 3609 est,
619 3539 652 3590 ut
674 3529 736 3590 iere
759 3531 899 3590 continua
922 3528 1015 3588 series
1036 3544 1161 3604 operum

123 3649 162 3708 ad
185 3665 239 3708 nos
260 3648 447 3724 pervenerit,
480 3666 497 3708 a
526 3649 591 3708 rudi
620 3648 690 3708 inde
713 3648 798 3707 initio
820 3647 856 3705 ad
879 3661 1024 3710 summam
1046 3641 1163 3721 pericc'·

12 3835 14 3844 τ
122 3761 246 3825 tionem.
292 3764 491 3825 Discernenda
514 3769 613 3826 autem
636 3766 694 3826 duo
716 3766 842 3824 maxime
864 3779 989 3843 genera,
1020 3781 1086 3837 pam
1109 3781 1163 3824 an-

123 3883 238 3960 tiquior
260 3883 399 3960 pingendi
422 3884 498 3942 ratio
521 3902 555 3943 ea
578 3888 641 3962 est,
675 3886 708 3943 ut
736 3883 828 3960 nigrae
854 3880 1017 3959 figurarum
1047 3881 1163 3960 species

125 4002 156 4060 in
181 4000 269 4060 rubra
292 4002 370 4062 vasis
392 3999 550 4080 superlicie
571 4003 784 4080 exprimantur,
807 4001 956 4060 recentior
970 4019 1015 4078 ea,
1040 3998 1162 4076 utiigu-

124 4118 167 4178 rie
197 4119 329 4194 exceptis
355 4123 450 4180 totum
479 4135 537 4180 vas
559 4120 643 4198 nigro
671 4118 770 4180 colore
800 4118 962 4190 inficiatur,
996 4117 1053 4177 illae
1080 4115 1160 4177 ruhi·

945 4232 963 4280 ‘l
