2876 4580
625 245 666 310 21

538 333 760 348 Μ.

13 540 18 553 Ι
127 451 155 513 b.
177 453 208 512 at
230 445 313 526 483,
336 455 390 526 n),
412 450 483 510 dum
506 447 595 510 Pituii
618 453 706 512 utute
728 447 895 526 (xxxiii,
917 449 947 512 S.
969 445 1024 526 67,
1046 454 1069 528 9
1092 449 1169 529 198)

127 571 194 630 vttri
217 566 316 630 “usus
337 569 374 630 ad
397 569 557 646 potandum
578 569 693 646 argenti
715 568 833 630 metatis
855 573 886 629 et
908 569 972 630 auri
995 569 1137 650 peputrt’t

609 753 633 827 8
654 750 684 816 4.

315 939 320 950 ·
435 891 487 983 De
505 891 683 964 nominibus
704 913 864 964 uasorum.

165 1033 172 1042 ’
211 1039 269 1102 His
290 1041 369 1100 rasis
390 1039 486 1119 primo
508 1018 648 1118 inventis,
670 1057 730 1118 quo
751 1042 861 1120 cuique
883 1043 1003 1102 nomina
1024 1040 1163 1122 iibuarat,

127 1158 306 1237 appellabat,
330 1177 366 1218 ex
387 1176 441 1220 sua
465 1158 566 1237 tingue
587 1158 755 1236 desumpto.
783 1157 872 1233 Quod
895 1162 928 1221 ut
950 1160 1084 1222 naturate
1105 1165 1170 1222 erat

128 1293 184 1336 neo
216 1261 271 1356 per
296 1293 331 1336 se
358 1277 517 1339 admodum
542 1275 786 1356 vituperandum,
815 1279 856 1339 ita
889 1282 921 1339 et
952 1277 1009 1339 boc
1041 1252 1184 1341 hamma*

76 1371 86 1392 '
128 1395 322 1472 incommodi,
346 1396 425 1473 quod
447 1395 550 1456 eadem
573 1411 643 1455 vasa
666 1394 734 1456 aiibi
757 1395 825 1455 attis
846 1395 1015 1458 nominibus
1036 1396 1168 1476 appelta-

127 1512 255 1586 brntnr‚
288 1531 386 1590 neque
414 1530 481 1573 euro
511 1511 642 1574 iruotuiu
671 1512 813 1574 afferebat
840 1515 1027 1591 antiquitatis
1052 1514 1166 1588 studio,
1277 1603 1281 1610 Ι

127 1632 181 1708 qui
203 1631 269 1690 iure
290 1631 440 1710 expectari
462 1647 551 1708 posse
573 1631 739 1712 videbatur,
761 1635 804 1710 ut,
828 1635 1044 1692 tsntouumero
1061 1648 1174 1694 monum

127 1752 296 1810 mentorum
311 1749 440 1828 invento,
462 1751 728 1830 construentium,
750 1766 825 1827 quas
839 1749 875 1809 ad
890 1767 939 1810 res
954 1751 992 1810 iis
1006 1751 1052 1812 usi
1065 1757 1167 1813 esseut

126 1871 256 1945 veteres,
279 1867 335 1944 vai,
360 1867 439 1945 quod
462 1867 540 1928 idem
562 1872 621 1944 est,
643 1866 752 1944 quibus
775 1867 1166 1947 nominibusappettasseut.

127 1983 323 2046 hubaudum
345 1985 437 2063 igitur
458 2002 561 2045 eorum
583 1986 732 2063 studium,
755 1987 807 2064 qui
831 2003 897 2046 eam
918 2003 1040 2064 operam
1062 2005 1165 2049 susce·

127 2108 257 2180 parunt,
288 2106 322 2163 ut
345 2120 414 2164 uera
435 2120 573 2165 rasorum
600 2104 720 2164 nomina
750 2108 933 2184 quererent,
966 2106 1164 2166 etiamsinon

127 2224 203 2280 satis
224 2220 517 2312 intellexerintpqua
539 2223 585 2282 uia
607 2223 637 2282 in
659 2221 716 2281 hau
739 2239 771 2281 re
794 2221 990 2281 insistendum
1011 2227 1101 2286 esset.

213 2337 315 2412 Quum
344 2339 395 2400 alii
421 2341 548 2417 sparsim
576 2344 606 2400 et
635 2341 702 2400 data
724 2339 881 2400 oeoastoue
903 2337 978 2398 bano
1001 2357 1064 2400 rem
1086 2341 1166 2417 egis·

127 2460 213 2537 seut,
245 2459 360 2537 primus
385 2460 556 2520 universam
586 2477 649 2520 reru
675 2460 809 2536 suscepit
841 2455 1006 2516 Theodorus
1027 2455 1165 2553 Porotta

5 2581 7 2632 t
125 2573 203 2635 libro
226 2575 322 2656 edito,
356 2577 407 2654 qui
435 2576 606 2638 inscribitur
629 2575 841 2638 “Becherohes
863 2594 916 2637 sur
936 2574 981 2634 les
1003 2576 1162 2638 veritrbtes

126 2710 212 2753 noms
234 2693 286 2754 des
308 2693 402 2754 Vases
424 2691 544 2756 Greos.’‘
576 2689 850 2756 Paris1829riot.
892 2693 987 2754 Movit
1008 2711 1082 2772 rem,
1105 2711 1164 2754 uon

125 2814 290 2892 promovit3
334 2831 390 2872 ueo
422 2811 730 2872 iniuriaLotroooiur
758 2813 788 2874 iu
816 2829 941 2872 censura
970 2811 1059 2872 buius
1091 2830 1164 2891 ope-

5 2917 7 3016 ζ
125 2931 190 3010 ris,
236 2947 304 3008 qua
339 2930 450 3006 legitur
488 2932 517 2990 in
556 2927 804 3008 Epheureridibus
835 2929 1028 2991 Eruditoruru
1062 2921 1163 3010 1833,

125 3045 209 3126 Mai,
241 3047 319 3128 tur,
353 3046 437 3128 Oct,
461 3047 553 3127 Nom,
575 3047 663 3128 Deo,
685 3053 716 3110 et
737 3064 872 3109 seorsum
895 3065 1002 3108 excusa
1023 3052 1070 3108 est
1096 3064 1163 3108 oum

5 3195 7 3240 t
125 3163 217 3226 tituto
246 3162 492 3226 “observatione
522 3165 739 3244 philologiques
772 3172 803 3228 et
835 3166 1079 3244 aroheotogiques
1110 3182 1164 3225 sur

5 3251 7 3370 ζ
125 3281 170 3342 les
202 3300 289 3344 notus
320 3283 374 3346 des
406 3301 491 3346 vases
523 3282 649 3365 Grecs'’‚
688 3285 860 3358 contendit,
893 3303 955 3346 rem
983 3285 1072 3346 etiam
1094 3287 1162 3361 post

5 3377 7 3422 ³
126 3397 266 3462 Pauoitrae
295 3420 379 3492 opus¹
397 3404 501 3464 eodem
530 3400 597 3462 loon
626 3402 805 3465 substitisse.
859 3401 978 3464 Etenim
1011 3401 1062 3461 itta
1092 3418 1163 3461 ceu·

5 3571 7 3608 5
125 3522 190 3578 tum
212 3522 244 3578 et
263 3535 316 3578 aex
340 3518 451 3582 Grecis
476 3520 644 3582 nominibus
666 3521 834 3598 productis,
867 3537 934 3598 quas
959 3537 996 3578 ex
1017 3517 1162 3578 Athenaeo

5 3615 7 3654 ἑ
123 3634 187 3696 iere
208 3637 307 3696 omnis
336 3641 481 3719 sumpsit,
514 3655 598 3700 suam
631 3639 745 3724 cuique?
767 3637 879 3697 nomini
906 3636 1030 3697 formum
1058 3634 1163 3697 tribuit

5 3805 6 3808 ,
123 3757 208 3818 nuta
230 3745 415 3836 temeritate,
448 3760 483 3818 ut
504 3755 565 3817 iere
587 3758 744 3834 miremur,
776 3755 802 3814 si
829 3771 888 3814 uuo
916 3758 947 3814 et
974 3753 1068 3816 attero
1096 3739 1166 3816 ioan⁸

5 3911 7 3970 3
123 3870 202 3935 torte
229 3869 348 3934 fortuna
375 3891 478 3935 verum
507 3875 662 3936 invenerit.
716 3873 797 3934 Nihil
825 3872 904 3934 aliud
935 3873 1072 3935 effectum
1100 3878 1160 3946 est,

123 3991 183 4050 nisi
205 3994 240 4050 ut
260 3989 332 4052 falsa
354 3992 491 4070 quadam
514 3994 632 4053 nomina
654 4011 710 4072 pro
731 3994 810 4054 veris
831 3997 1058 4071 usurparentur.
1101 3992 1161 4054 Fa·

123 4125 202 4170 mam
224 4110 304 4170 euim
325 4108 401 4170 tiber
423 4108 474 4169 itta
495 4114 599 4170 nactus
627 4116 690 4187 est,
723 4109 887 4188 habuitque
908 4109 1040 4172 Panoiira
1062 4112 1159 4170 secto·
