2876 4580
621 218 773 284 ,12

641 304 864 320 ...αι-αισι*

235 424 370 498 ridetur,
408 441 459 487 eas
490 441 548 486 non
579 427 608 486 ln
643 424 715 484 solis
752 423 979 486 Panathenaicis
1008 424 1085 487 ludis
1115 429 1275 506 usurpatas

236 541 338 621 luisse,
361 543 415 603 sed
435 544 573 622 vulgares
594 542 687 604 luisse
708 542 835 603 olearias
856 527 1026 621 amphoras,
1058 544 1145 621 vulgo
1168 545 1275 606 venffi-

236 665 280 722 tas
303 666 333 721 et
355 666 539 741 exportatas,
562 665 597 723 nt
617 662 759 740 inscripta
781 661 870 722 rerba
893 677 950 720 uon
975 678 1080 739 usum,
1103 662 1156 724 sed
1179 678 1278 740 genus

235 778 414 856 significent.

320 896 364 957 Ac
387 913 425 956 ne
447 897 514 974 quis
536 899 639 976 paret,
671 898 734 958 haec
763 915 832 958 rasa
860 897 890 958 in
913 902 1100 958 mortuorum
1121 902 1152 958 et
1173 897 1276 975 sepul-

237 1029 355 1076 crorum
387 1032 476 1075 nsum
509 1032 576 1075 esse
607 1014 703 1092 lacta,
742 1033 801 1075 non
833 1015 930 1075 solum
950 1014 1124 1076 termarum
1146 1017 1276 1077 varietas

235 1133 324 1193 etlam
346 1131 421 1192 rarii
444 1149 517 1192 usus
539 1132 741 1194 testimonium
764 1136 820 1208 cst,
853 1133 906 1193 sed
928 1151 996 1210 que
1018 1135 1048 1194 io
1071 1135 1144 1211 ipsis
1166 1151 1275 1196 vascu-

236 1249 273 1309 lis
294 1249 372 1328 picta
393 1254 481 1324 sunt,
504 1267 583 1328 sape
605 1267 692 1312 usum
713 1239 816 1312 eorum
838 1252 966 1328 imagine
982 1253 1163 1332 exprimunt,
1185 1257 1221 1313 ut
1242 1253 1273 1312 in

235 1386 309 1430 urna
337 1369 470 1430 ribomus
499 1368 639 1430 mulieres
665 1373 828 1446 annectas,
869 1370 899 1428 ln
928 1371 1067 1448 crateris,
1108 1370 1274 1449 amphoris,

234 1487 348 1566 poculis
369 1487 524 1564 convivia,
558 1490 711 1564 potantes,
744 1485 882 1562 libantes,
915 1485 984 1562 alla,
1018 1503 1143 1564 quarum
1167 1489 1274 1566 imagi·

235 1623 305 1666 num
328 1605 462 1682 exempla
483 1603 710 1666 innumerabilia
731 1609 812 1665 suat.
835 1602 1031 1682 [Cirtbelren
1047 1603 1116 1665 ltal.
1139 1604 1219 1666 laed.
1242 1623 1272 1684 p.

233 1717 325 1796 364).
370 1722 518 1782 Extremae
539 1740 613 1782 sane
639 1723 736 1783 atatis
762 1726 833 1782 sunt
861 1721 995 1799 quedam
1022 1739 1109 1800 rasa,
1142 1741 1273 1802 quorum

234 1841 342 1918 partim
380 1842 422 1900 ita
460 1844 596 1901 contorte
633 1840 789 1918 elegantia
823 1844 855 1901 et
887 1841 959 1900 artis
991 1842 1121 1917 speciem
1142 1846 1274 1902 'secma-

235 1962 301 2036 tur,
334 1961 369 2018 ut
394 1958 445 2018 rix
472 1959 725 2032 atellensem,
757 1957 809 2018 sed
837 1958 875 2018 rrl
901 1947 1051 2018 ornatum*
1067 1958 1166 2018 solum
1194 1958 1274 2022 iacta

233 2075 407 2157 videantur,
442 2077 549 2154 partlm
577 2078 759 2155 argumentis
780 2067 930 2154 expressis
952 2079 1013 2136 um
1035 2077 1123 2136 unice
1144 2081 1273 2138 mortem

233 2197 264 2252 et
291 2191 419 2272 inferos,
453 2193 563 2255 luctum
585 2199 616 2254 et
638 2193 759 2254 inlerias
781 2193 876 2254 oculis
897 2194 1051 2274 obiiciunt,
1074 2198 1166 2256 uteo
1189 2197 1267 2274 ipso,

235 2311 314 2388 quod
336 2311 475 2391 diximus,
509 2313 633 2374 consilio
653 2311 730 2374 iacta
750 2317 901 2392 putemus,
934 2312 1137 2391 sepulcrorum
1161 2329 1272 2374 ornan-

234 2429 340 2490 dorum
361 2436 461 2493 causa.

709 2566 735 2639 §
755 2559 786 2624 3.

365 2720 416 2788 Dc
438 2719 560 2808 origine
582 2732 612 2786 ct
632 2717 795 2807 peceribus
817 2741 965 2788 vasorum
982 2722 1136 2813 fictilium.

315 2883 448 2961 Antiqua
470 2899 539 2943 rasa
560 2882 662 2944 lictilla
684 2901 776 2960 quum
806 2884 836 2947 io
857 2883 979 2946 Etruria
1002 2888 1128 2946 maxime
1150 2888 1271 2950 iuventa

233 3004 346 3080 essent,
380 3002 475 3078 prima
497 3000 649 3064 bominum
670 3003 773 3079 opinio
794 3001 931 3064 Etruscis
953 3003 1131 3084 adscripsit,
1163 3010 1195 3066 et
1218 3007 1270 3068 diu
1389 3029 1394 3044 ·

232 3119 270 3180 ab
302 3119 440 3180 omnibus
467 3118 593 3180 Etrusca
625 3138 695 3182 rasa
727 3119 873 3198 appellata
906 3126 985 3182 sunt.
1040 3122 1111 3184 Mox
1132 3124 1271 3202 pluribus

232 3239 372 3314 inventis,
394 3255 449 3298 nec
471 3241 500 3298 in
523 3237 644 3300 Etruria
665 3239 773 3315 solum,
794 3239 847 3300 serl
869 3243 900 3299 et
921 3241 951 3299 ln
972 3239 1080 3318 Magna
1101 3239 1217 3328 Gracia
1239 3248 1271 3307 et

11 3375 12 3378 ¹
130 3447 132 3450 Ι
231 3356 260 3416 io
283 3352 383 3415 Sicilia
406 3358 436 3414 et
457 3357 487 3416 lu
509 3358 574 3434 ipsa
595 3355 722 3432 Graecia,
744 3356 927 3418 intellectum
948 3362 1005 3436 ost,
1028 3358 1176 3423 stiracis
1198 3377 1272 3439 pro-

229 3471 307 3534 iecta
329 3491 415 3551 esse,
447 3476 554 3534 muna
576 3452 690 3552 omnia,
724 3479 755 3536 at
775 3476 863 3552 louge
884 3476 1023 3554 plurima.
1075 3476 1151 3538 Nam
1172 3495 1272 3542 secer-

232 3592 326 3653 nenda
349 3597 420 3653 sunt
442 3593 577 3670 quadam
600 3592 865 3656 manifestoTusca
886 3612 987 3672 opera,
1010 3596 1048 3660 is,
1062 3595 1183 3658 Etruria
1206 3598 1271 3660 sola

230 3710 366 3786 inventa,
400 3716 504 3772 ornata
528 3729 584 3770 non
608 3712 784 3790 imaginibus
806 3711 944 3790 penicillo
967 3714 1070 3792 pictis,
1106 3715 1158 3774 sed
1188 3716 1270 3795 typis

231 3847 268 3888 ex
288 3800 392 3907 argilla
415 3827 492 3889 lictis
514 3830 589 3901 (vid.
610 3828 734 3889 Aboken
757 3829 776 3890 l.
799 3830 818 3888 1.
840 3847 869 3907 p.
891 3825 954 3890 301
969 3825 1074 3895 &359
1091 3836 1183 3910 sqq.).
1217 3832 1269 3894 Se·

233 3947 378 4008 cernenda
400 3947 489 4007 eliam
512 3945 580 4026 alla,
613 3946 754 4006 Romana
776 3948 850 4008 artis
872 3965 973 4027 opera,
1007 3947 1137 4027 eleganti
1159 3949 1270 4012 rubore

232 4064 340 4126 coloris
369 4070 399 4125 et
429 4069 567 4144 typorum
595 4064 816 4143 pulchritudine
840 4067 981 4144 insignia.
1037 4066 1095 4128 Sed
1122 4067 1269 4147 pictorum
