2888 4576
717 192 778 259 138

234 405 377 462 numerat.
421 399 454 459 ln
477 397 627 459 Ptolemrei
649 415 756 478 pompa
779 397 866 477 (ath.
890 392 1110 479 V,198,n‚·c)
1133 401 1268 462 Bacebus

233 527 263 578 ct
285 518 381 596 Satyri
411 517 561 578 carehesia
590 535 680 580 aurea
708 521 739 577 et
767 521 907 595 argentea
935 521 1097 596 gestarunt.
1140 519 1267 580 ntbenis

234 641 311 696 inter
333 637 453 696 donaria
467 636 535 696 bem
551 635 745 697 servabantur
760 639 918 718 καρχησία
930 631 1056 722 α’ρχυρῶ
1077 639 1122 715 (v.
1138 637 1267 700 lioeclrb.

233 753 266 815 6.
290 753 310 815 l.
335 773 363 818 n.
387 749 459 833 139,
482 772 510 815 v.
526 749 584 831 19)
612 759 642 816 et
669 753 839 839 καρχήσιον
866 749 1023 836 α’ργυροῦν
1043 751 1120 830 Διὸς
1143 754 1270 831 Heloria,-

232 878 279 944 (ο.
292 867 364 953 141,
386 890 434 934 vn.
445 867 477 952 8,
499 868 532 951 9,
554 867 607 950 23,
628 867 713 934 38et
735 893 765 934 n.
780 869 851 947 150,
873 868 979 946 effi).
1024 873 1146 952 Delphis
1167 875 1268 950 direp-

234 993 271 1050 tis
294 990 435 1069 Phayllus
456 995 628 1069 argenteum
650 990 835 1053 carchesium
859 989 1081 1052 Phocaeensium
1111 991 1269 1052 donarium

233 1109 361 1170 tibicinas
383 1110 513 1188 donavit,
534 1128 561 1170 r.
579 1108 651 1171 Ath.
671 1108 761 1187 ΧΙΙΙ,
783 1104 858 1184 605,
877 1109 905 1170 b.
949 1107 1098 1187 Babylone
1119 1109 1269 1169 Diodorus

234 1223 318 1300 n,9
350 1229 440 1288 tradit
472 1227 565 1288 tuisse
593 1225 649 1292 (irio
671 1224 840 1312 καρχήσια,
872 1223 1023 1309 σταθμὸν
1044 1225 1158 1309 ἔχοντα
1180 1225 1268 1309 τριά-

233 1367 331 1408 κοντα
353 1343 528 1411 ταλάντων.
584 1333 681 1423 Quod·
706 1347 764 1406 iam
791 1365 827 1406 ex
855 1346 902 1405 his
929 1348 1077 1406 coniicere
1098 1363 1268 1424 possumus,

232 1464 388 1542 pretiorum
419 1464 515 1542 poculi
540 1482 633 1542 genus
655 1463 764 1542 luisse,
796 1463 907 1524 diserte
930 1463 1084 1525 confirmet
1105 1463 1268 1541 Alcipbron

233 1581 302 1658 (Ep.
315 1581 352 1660 ΙΙ,
365 1577 413 1656 3),
436 1583 487 1660 qui
499 1580 694 1643 Menandrum
706 1581 776 1642 iacit
788 1582 975 1660 splendorem
986 1583 1063 1644 aulae
1080 1585 1269 1659 spernentem

232 1699 295 1760 brec
321 1699 468 1761 scribere:
504 1696 566 1779 ἐγώ
594 1698 631 1762 δὲ
657 1696 714 1775 τὰς
736 1696 938 1782 Ἡρακλείους
960 1703 1015 1763 καὶ
1046 1696 1087 1762 τὰ
1103 1689 1269 1783 καρχήσια

233 1820 288 1878 καὶ
308 1813 366 1891 τοὶς
385 1815 535 1898 χρυσίδας
555 1821 610 1880 καὶ
630 1791 802 1880 πάντατὰ
823 1816 859 1880 ἐν
880 1828 950 1893 ταῖς
964 1812 1078 1892 αὐλαῖς
1096 1814 1269 1899 ἐπίφθονα

233 1929 325 2014 παρὰ
347 1921 473 2010 τούτους
495 1931 615 2014 α’χαθᾶ
637 1933 784 2018 φυόμενα
806 1938 867 2000 ταῖν
889 1933 958 1999 κατ’
973 1935 1042 2012 ἔτος
1052 1928 1269 2000 Χοῶν-οὔκ

233 2047 442 2135 ἄλλάττομαι.
500 2054 625 2116 Videtur
656 2072 730 2114 usus
763 2054 983 2115 carchesiorum
1016 2072 1074 2114 non
1107 2053 1268 2115 admodum
1335 2142 1346 2146 -

233 2172 369 2250 vulgatus
393 2171 502 2253 inisse;
532 2177 647 2234 tantum
669 2174 699 2231 in
719 2171 828 2233 cottabi
850 2172 920 2232 ludo
942 2176 1210 2234 commemorantur
1230 2171 1269 2232 ab

232 2289 306 2350 noh.
328 2289 400 2365 XV,
422 2285 502 2369 667,
525 2307 558 2369 e,
591 2307 680 2368 quem
708 2291 865 2369 exscripsit
886 2289 984 2351 Schol.
1006 2291 1058 2353 Ar.
1081 2289 1150 2352 Pac.
1176 2284 1269 2349 1244.

234 2408 320 2485 Apud
342 2407 491 2468 Romanos
514 2426 676 2486 numquam
697 2410 727 2468 in
750 2408 959 2486 maluerunt,
992 2409 1018 2468 si
1040 2413 1121 2468 reete
1141 2405 1271 2468 aifirmat

233 2524 363 2587 Macrob.
380 2524 416 2602 V,
443 2520 482 2583 21
507 2543 574 2586 esse
595 2523 758 2604 “poculum
779 2525 889 2587 Graecis
912 2527 1116 2587 tantummodo
1138 2529 1267 2586 notum”.

233 2642 296 2702 llos
318 2644 424 2703 imitati
446 2649 516 2704 sunt
538 2643 681 2722 Virgilius
702 2649 733 2706 ot
754 2643 891 2707 Ovidius.

318 2761 453 2841 Speciem
486 2763 629 2823 carchesii
663 2764 721 2823 iam
743 2761 904 2826 Gallixinus
927 2762 1060 2824 Rhodius
1081 2779 1180 2841 operm
1202 2779 1270 2840 pre-

234 2883 307 2941 tium
340 2880 443 2942 habuit
472 2881 657 2962 describere,
691 2883 742 2959 qui
775 2899 822 2960 ap.
844 2880 915 2942 Ath.
938 2876 1012 2961 474,
1034 2900 1062 2946 e.
1086 2881 1186 2941 docet:
1220 2877 1271 2943 dm

233 2998 386 3082 ποτήριόν
407 2998 492 3062 ἐστιν
513 2997 674 3083 ἐπίμηκες,
707 3001 900 3081 συνηγμένον
925 2999 970 3074 εἷς
994 2996 1269 3082 praevenissem,

233 3111 299 3180 ὦτα
327 3115 401 3198 ἔχον
428 3121 518 3199 μέχρι
546 3118 600 3181 τοῦ
624 3119 790 3199 πυθμένος
816 3115 1003 3201 κατήκοντα.
1057 3116 1147 3177 Addit
1173 3114 1269 3176 Athe-

235 3252 335 3298 naeus:
351 3234 435 3298 Ἔστι
457 3233 493 3297 dn
514 3232 634 3310 λκανοῒς
650 3233 798 3318 λσλμήκες
815 3230 849 3300 τὸ
867 3233 1019 3319 ποτήριον
1033 3231 1068 3300 nd
1090 3232 1269 3317 καρχήσιον,

234 3356 288 3417 καὶ
316 3355 400 3435 τοίχα
432 3349 488 3416 daci
521 3349 556 3416 τὸ
584 3348 810 3417 ἀνατετάσθαι
831 3351 926 3429 οὕτως
947 3349 1141 3435 ὠνόμασται.
1193 3351 1270 3425 Quae

234 3472 403 3534 Macrobius
426 3471 484 3535 1.1.
507 3473 547 3532 ita
569 3473 800 3549 interpretatur:
825 3468 1039 3532 “Carchesium
1061 3488 1218 3550 procerum
1238 3473 1271 3528 et

233 3593 311 3652 circa
324 3588 461 3652 'mediam
477 3594 591 3669 partem
603 3607 805 3668 compressum
820 3590 1019 3667 mediocriter,
1042 3601 1178 3649 ansarum
1189 3589 1271 3648 ansis

234 3727 250 3768 a
284 3727 399 3770 summo
431 3709 467 3769 ad
500 3708 633 3768 intimum
663 3707 909 3786 pertinentibus.”
957 3707 1149 3784 Asclepiades
1170 3710 1270 3766 autem

236 3825 374 3895 docebat,
408 3843 513 3886 nomen
544 3825 648 3886 tulisse
678 3844 694 3886 a
725 3826 885 3888 carchesiis
908 3828 1007 3901 naris,
1041 3843 1108 3903 quae
1129 3823 1272 3884 describit

235 3937 310 4021 474,
334 3942 358 4020 l3
381 3943 432 4002 sed
455 3943 608 4024 confiteor,
632 3943 779 4004 menerba
802 3945 866 4004 eius
890 3961 947 4003 non
971 3942 1144 4020 intelligere.
1167 3941 1270 4000 idem

233 4054 307 4135 488,
321 4059 341 4120 l.
359 4059 509 4122 carchesia
533 4062 616 4138 ponit
640 4062 771 4122 interea
794 4079 873 4140 rasa,
897 4080 962 4138 quae
986 4061 1090 4139 pedem
1113 4059 1250 4120 babeant.
1273 4125 1276 4135 ¹
