2876 4580
642 279 686 344 55

552 366 771 377 -η--η--η

139 489 207 546 tore
228 483 305 558 (vl,
326 480 391 566 963
418 484 467 566 X,
494 479 553 558 66)
575 487 607 544 et
627 481 664 544 ab
685 483 793 544 ceteris
814 484 954 549 omnibus
975 489 1054 548 inter
1075 488 1181 567 pocula

140 604 274 683 ponitur,
296 603 334 663 ad
357 604 471 664 minora
493 601 585 663 malui
607 599 728 664 relerre.
773 600 863 678 Quod
885 605 911 666 si
933 607 1002 685 quis
1023 611 1054 668 et
1075 608 1179 668 cotho-

138 737 192 780 nes
215 725 247 781 et
268 721 357 798 rhyta
379 725 410 782 et
431 720 575 800 ampullas
603 718 718 798 poculis
745 720 933 784 adnumerari
961 722 1115 802 maluerit,
1148 730 1182 786 ut

137 839 255 916 antiqui
270 840 327 918 ipsi
339 838 484 920 lecerunt,
509 844 607 899 tamen
621 842 779 916 angustum
796 857 830 902 os
852 839 967 920 probat,
990 843 1020 902 in
1034 840 1180 903 labricen-

13 1007 14 1020 ι
137 956 184 1018 dis
206 957 256 1017 lais
277 956 407 1018 vasculis
429 957 460 1018 id
481 959 608 1018 maxime
629 960 796 1036 spectatum
818 973 896 1036 esse,
919 962 952 1020 nl
968 959 1099 1039 liquores
1112 965 1179 1021 tuto

136 1081 341 1148 servarentur,
364 1077 499 1154 quamvls
515 1093 572 1136 non
587 1077 685 1136 minus
700 1075 736 1135 de
754 1075 829 1153 ipsis
850 1075 955 1154 rhytlis
977 1081 1009 1138 et
1029 1077 1177 1158 ampullis,

13 1219 14 1224 ι
136 1211 229 1271 quana
251 1193 289 1253 de
310 1196 421 1272 apertis
443 1194 569 1274 poculis,
591 1191 688 1254 inlusa
710 1210 747 1252 ex
769 1190 829 1254 illis
857 1195 997 1275 potione,
1019 1195 1080 1256 bibi
1107 1213 1178 1274 pos-

13 1307 14 1312 ’
133 1315 191 1388 aet,
214 1311 320 1371 eodem
342 1311 442 1390 modo,
465 1329 524 1389 quo
546 1329 583 1371 ex
604 1311 658 1389 ils,
692 1327 759 1389 qne
781 1329 836 1372 nos
858 1311 1018 1373 “Later”
1039 1313 1176 1374 dicimus.

221 1426 368 1490 Praeclare
388 1429 426 1490 de
447 1433 554 1490 natura
575 1428 632 1493 roal
652 1426 806 1503 κώθωνος
827 1428 969 1490 docemur
990 1427 1111 1490 aCritia
1127 1447 1175 1508 ap.

13 1525 15 1604 ἶ
133 1545 274 1625 nuni,
295 1540 369 1625 ass,
391 1545 428 1624 ις
451 1547 502 1626 qur
525 1545 813 1626 (liciniacensem
836 1563 904 1607 esse
924 1546 1076 1626 poenum,
1099 1547 1178 1607 mnr-

133 1665 182 1724 tioe
216 1663 577 1744 accommodatissimum,
611 1666 680 1744 quia
713 1669 745 1725 et
772 1663 858 1726 laeila
888 1666 918 1725 in
950 1681 1023 1742 pera
1055 1663 1176 1724 militarl

133 1783 248 1860 portari
270 1784 398 1860 porslt‚·
416 1787 447 1843 et
469 1781 519 1842 ubi
541 1799 629 1862 aqua,
662 1787 696 1844 ut
718 1783 747 1842 ln
770 1783 878 1844 itinere
900 1799 959 1842 non
981 1799 1100 1861 semper
1120 1799 1176 1861 pn·

13 1877 15 1906 ²
89 1875 92 1880 ¹
134 1901 272 1978 tissima,
306 1899 432 1960 bibenda
454 1901 511 1974 sit,
545 1899 591 1961 vel
613 1900 709 1961 visum
731 1917 816 1978 aquae
838 1900 972 1980 auferat,
1002 1900 1049 1962 tel
1070 1900 1174 1964 limum

131 2019 215 2079 cavis
237 2016 381 2078 lateribus
404 2021 553 2078 retentum
584 2034 637 2096 per
665 2034 700 2078 os
727 2019 809 2078 orire
836 2036 895 2078 non
928 2022 1061 2097 patiatur
1093 2016 1175 2100 (ἅμ-

129 2137 240 2218 βωνας
276 2130 297 2201 ὅ
328 2134 447 2198 κώθων
477 2132 558 2216 ἔχων
593 2128 764 2200 ὑπολείπει
802 2129 838 2197 nl
871 2130 910 2199 orl
946 2129 1102 2215 καθαρὸν
1140 2132 1176 2201 ἐν

133 2249 249 2341 αώιῴ).
285 2252 442 2315 Consentit
453 2251 636 2332 Xenophon,
660 2253 689 2312 in
705 2249 880 2331 Cyropaedia
901 2250 925 2329 1,
949 2245 981 2327 2,
1002 2244 1025 2312 8
1046 2251 1174 2312 cothona

13 2445 15 2464 y
131 2387 370 2434 commemorans
392 2376 513 2451 aptum,
545 2387 606 2450 qno
627 2388 705 2448 oqna
727 2387 764 2430 ex
785 2369 875 2430 llnvio
897 2369 1069 2448 hauriatur3
1102 2386 1174 2429 ean·

13 2465 14 2512 1
131 2491 263 2569 demque
284 2483 463 2551 sententiam
485 2489 637 2568 copiosius
657 2489 779 2566 exponit
797 2486 978 2549 Plutarchus
995 2489 1024 2548 in
1043 2485 1173 2566 Lycurgi

131 2627 158 2671 c.
180 2605 214 2670 9.
258 2607 321 2669 Neo
343 2611 441 2668 lamen
463 2623 550 2684 aquae
571 2606 668 2666 solum
690 2623 742 2666 aas
763 2610 845 2682 erat,
880 2607 939 2666 imo
963 2607 1022 2666 vini
1043 2605 1173 2684 plerum-

14 2725 15 2728 ’
133 2745 211 2806 quo,
235 2729 269 2786 ut
291 2727 320 2786 in
344 2723 396 2788 lrr.
419 2725 600 2785 comicorum
621 2741 669 2802 ep.
691 2723 868 2785 Atheneum
890 2723 911 2787 l.
933 2723 953 2785 l.
996 2722 1069 2784 lude
1090 2741 1174 2783 com-

132 2844 249 2922 potatio
271 2842 426 2903 dicebatur
445 2839 575 2916 κώθων,
597 2845 628 2902 ot
649 2830 897 2917 κωθωνίζεσθαι
913 2844 943 2902 et
964 2837 1174 2922 κωθωνισμός

13 2959 15 2966 ’
97 2944 99 2950 ¹
131 2961 170 3021 de
194 2960 286 3021 nimio
308 2963 391 3038 potu,
414 2964 445 3020 et
467 2956 743 3042 ἅκρατοκώθωνες
763 2942 835 3020 huie
858 2960 900 3018 rei
919 2958 1021 3018 dediti.

219 3076 455 3155 Magnitudinem
485 3077 630 3138 modicam
653 3076 761 3158 luisse,
784 3095 821 3137 ex
848 3093 905 3137 usn
927 3075 1088 3137 verisimile
1108 3079 1172 3156 est3

132 3198 201 3257 sine
232 3193 322 3255 dubio
356 3213 416 3256 non
449 3214 486 3255 ex
519 3195 651 3256 minimis
686 3193 743 3255 luit
780 3195 831 3256 illa
862 3193 995 3254 Alexidis
1033 3196 1174 3272 quattuor

133 3314 271 3376 hemines
299 3314 419 3391 capiens
442 3307 537 3392 (483,
565 3314 609 3383 e).
652 3310 685 3370 ln
708 3311 859 3372 Ptolemaei
881 3329 988 3389 pompa
1017 3316 1051 3370 ut
1074 3311 1173 3370 omnia

134 3433 279 3510 ingentia,
302 3432 344 3492 ita
366 3429 455 3490 etlam
477 3427 653 3512 διμέτρητοι
674 3426 825 3502 κώθωνες
846 3433 915 3488 sunt
938 3427 1075 3502 (Arnv,
1099 3421 1172 3503 199,

135 3557 179 3624 e).
215 3547 305 3623 Quod
328 3548 363 3608 ad
386 3550 539 3608 materiam
561 3548 680 3619 attinet,
703 3545 789 3622 vulgo
810 3543 918 3605 fictiles
939 3549 1036 3625 erant,
1060 3561 1086 3602 v.
1098 3539 1173 3604 Poll.

137 3665 205 3746 vll,
228 3661 308 3746 1623
332 3671 428 3728 lamen
452 3666 482 3724 in
504 3661 699 3739 inscriptione
710 3662 807 3722 Attica
825 3662 903 3739 apud
923 3659 1106 3722 Boeoklrium
1119 3657 1172 3739 (C.

137 3783 162 3846 l.
186 3783 244 3846 vol.
267 3782 293 3857 l,
316 3803 346 3861 p.
367 3777 448 3855 2867
471 3783 742 3843 commemorantur
766 3779 885 3860 χαλκοῖ
908 3776 1070 3853 κώθωνες.
1113 3777 1173 3840 Sed

138 3902 167 3962 in
196 3900 250 3964 Ar.
275 3899 342 3963 Pac.
366 3897 450 3965 1094
481 3894 617 3986 φαεινὸς
642 3897 765 3962 ,κώθων
796 3898 894 3958 dictus
926 3898 1043 3959 ridetur
1074 3897 1173 3975 potius

139 4022 262 4098 propter
280 4019 463 4099 voluptatem
486 4017 618 4098 potandi⁷
640 4035 730 4096 quam
751 4019 873 4098 propter
892 4016 1080 4096 splendorem
1095 4016 1171 4074 aeris.

879 4234 891 4271 l
