2888 4576
609 280 661 288 a«
692 193 732 258 ut

198 395 331 460 namna
353 395 460 468 (naen
485 395 526 474 V,
548 391 609 472 22)
632 396 919 479 θερμοποτίδα
939 399 1084 480 appellat,
1108 399 1235 461 obscum

199 518 335 592 nomine,
369 516 456 593 quud·
482 518 598 580 tautum
630 515 708 594 apud
742 519 952 593 grammaticas
981 519 1140 580 inuenitur.
1196 517 1234 580 lli

198 653 268 700 vero
290 634 348 698 lane
369 651 489 712 nomen,
511 638 615 712 utpote
636 633 724 711 vulgo
748 638 868 708 notum,
903 653 961 698 non
984 636 1148 716 explicant,
1182 633 1234 696 sed

198 757 326 816 utuntur
347 767 384 814 ne
406 751 442 834 ad
465 751 521 815 alia
544 752 644 829 ignata
667 768 736 832 vasa
757 751 940 834 explicanda.
973 754 1075 828 Quare
1096 754 1234 830 laetalis,

198 887 274 949 quos
296 871 369 933 citat
391 867 541 944 Paeona,
563 869 673 948 quibus
694 869 761 930 addi
785 874 898 950 polest,
922 873 948 932 ei
971 871 1055 948 linat,
1077 871 1175 932 Schul.
1198 873 1234 933 ad

197 991 250 1054 dr.
271 988 346 1050 Aah.
368 981 449 1065 671,
484 987 557 1051 nihil
585 989 705 1048 omnino
735 988 926 1066 adiuvamur,
960 990 1018 1050 nisi
1047 989 1124 1050 imle
1146 989 1235 1050 Pam·
1362 977 1363 982 ’

197 1105 271 1184 phili
294 1105 392 1168 uerbis
413 1123 461 1184 ap.
483 1104 555 1168 Alb.
580 1103 639 1179 xl,
661 1099 742 1186 475,
765 1105 800 1168 d:
834 1106 968 1190 κελέβην
989 1125 1056 1168 esse
1078 1102 1113 1172 τὸ
1134 1106 1235 1191 ποτή-

196 1245 269 1306 ριον
300 1221 524 1306 θερμοποτίδα
555 1223 763 1308 καλουμένην.
827 1223 944 1302 Quodsi
978 1228 1057 1288 reete
1092 1225 1235 1304 suspicati

197 1360 302 1406 sumus
325 1336 451 1422 (pilu).
475 1343 607 1425 κελέβην
629 1361 695 1402 esse
717 1360 874 1421 procerum
896 1343 1046 1423 poculum,
1069 1344 1158 1405 etlam
1182 1362 1234 1405 ne·

198 1479 266 1522 men
288 1462 486 1542 θερμοποτές
506 1478 670 1538 congruere
692 1461 823 1538 videtur,
842 1462 863 1521 i.
886 1480 914 1523 e.
938 1481 989 1522 vas
1011 1481 1048 1522 ex
1069 1479 1129 1540 quo
1152 1462 1234 1522 calda

198 1578 321 1640 bibitur.
365 1577 441 1638 lllud
464 1597 533 1639 vero
555 1577 695 1644 Pannllae
717 1597 768 1641 vas
791 1598 849 1640 non
871 1581 908 1640 ad
930 1579 1100 1660 bibendum,
1123 1581 1175 1642 sed
1198 1581 1234 1641 ad

198 1697 386 1776 coquendum
408 1701 511 1778 aptum
532 1700 588 1777 est,
611 1716 704 1777 quare
726 1697 814 1758 ollam
836 1698 935 1759 dicere
956 1699 1062 1760 ausim.

551 1895 583 1961 3.
627 1891 875 1984 Θερμαντῆρ.

192 2110 197 2122 ,
281 2050 346 2116 iam
369 2051 505 2130 vidimus,
540 2054 649 2129 quanta
671 2069 742 2114 nura
764 2051 855 2112 luerit
875 2051 1006 2130 antiquis
1028 2052 1087 2114 vini
1112 2052 1234 2130 saltige-

198 2169 300 2249 raudi3
344 2187 397 2234 nee
419 2170 449 2231 in
472 2169 566 2232 calida
588 2171 709 2247 potione
729 2171 828 2232 minor
848 2169 904 2230 luit
924 2187 1013 2246 eura,
1037 2174 1070 2232 ul
1090 2185 1167 2247 aqua
1190 2169 1234 2230 vel

198 2289 258 2352 nito
280 2288 392 2354 ualeret
414 2287 458 2348 vel
480 2287 575 2350 calida
598 2293 740 2352 maneret.
783 2284 871 2349 iluna
900 2290 931 2349 in
957 2287 1046 2348 linem
1069 2305 1137 2350 vasa
1159 2285 1235 2349 laeta

198 2409 270 2468 sunt
296 2423 377 2484 saepe
404 2406 561 2468 admodum
590 2405 760 2476 artificiosa.
809 2406 973 2468 Audiamus
1000 2405 1143 2466 Senaem
1165 2403 1234 2466 Nat.

200 2521 317 2601 Quasi.
340 2522 396 2600 111,
425 2519 479 2586 24.
536 2523 668 2586 “Fauere
689 2526 819 2588 solemus
841 2527 985 2587 draeones
1006 2529 1037 2585 et
1059 2523 1185 2585 miliaria
1206 2527 1237 2584 el

199 2641 368 2720 complures
392 2639 520 2717 termas,
561 2644 591 2706 in
619 2643 730 2722 quibus
755 2662 814 2704 are
841 2645 923 2706 tenui
950 2643 1067 2704 listulas
1092 2643 1236 2722 struimus

199 2777 254 2838 per
274 2760 386 2822 declive
410 2762 625 2851 circumdatas,
660 2767 694 2822 ul
718 2780 797 2842 sape
826 2763 951 2826 eundem
978 2763 1076 2840 ignem
1102 2757 1236 2822 ambiens

198 2895 277 2956 aqua
300 2896 353 2957 per
375 2883 489 2943 lenium
510 2879 584 2942 tlual
606 2880 710 2958 spatii,
733 2884 879 2958 quantum
900 2879 1054 2958 efficiendo
1077 2879 1235 2942 calori'sat

198 3001 262 3076 0⁸13
294 2997 401 3075 frigida
423 2999 654 3075 inquietatum,
681 2996 777 3059 ellluit
799 2996 923 3058 calida”.
966 2995 1023 3058 Sed
1046 3015 1083 3057 ne
1104 2996 1163 3058 hoe
1183 3013 1235 3056 so·

100 3165 103 3176 ,
197 3115 260 3187 lum
282 3133 377 3192 genus
399 3113 492 3176 luisse
514 3121 669 3194 putemus,
699 3115 847 3196 Pompeiis
869 3117 1021 3176 inventum
1043 3119 1089 3174 eal
1110 3132 1235 3186 aeneum

200 3250 251 3300 aas
275 3233 311 3292 iis
333 3231 492 3311 machinis,
528 3233 637 3312 quilius
662 3233 751 3298 hodie
780 3236 893 3298 utimur
920 3234 956 3296 ad
982 3251 1089 3311 aquam
1111 3232 1234 3294 calidam

198 3350 386 3424 servandam,
409 3349 755 3430 simillimumvflere.
778 3355 809 3412 et
830 3351 934 3428 Pomp.
957 3350 1008 3428 vl,
1031 3347 1089 3428 773
1112 3349 1235 3412 Becker.

197 3466 342 3551 Gellii,
370 3487 399 3547 p.
423 3463 500 3550 175,
530 3468 589 3532 tab.
612 3463 650 3547 4,
678 3487 707 3532 n.
731 3465 780 3528 tu.
834 3461 946 3531 Fistula
972 3470 1069 3532 media
1093 3467 1235 3548 earbopes

199 3588 364 3667 continuit,
398 3603 451 3651 vas
474 3588 605 3649 exterius
631 3605 748 3664 aquam.
805 3586 873 3662 Quo
904 3587 1024 3648 nomina
1048 3585 1147 3648 Latini
1177 3585 1236 3650 tale

200 3722 251 3769 vas
273 3704 504 3785 appellaverint,
528 3705 714 3785 ignoramu83
757 3705 810 3764 sed
833 3704 950 3766 videtur
971 3709 1052 3764 reete
1073 3704 1235 3766 caldarium

197 3821 341 3902 appellati
365 3841 469 3902 posse,
502 3841 570 3901 quae
596 3841 652 3890 vox
679 3822 827 3901 signifieat
848 3822 947 3890 laeum
969 3824 998 3886 in
1022 3823 1151 3898 balneis,
1183 3825 1235 3901 qni

198 3957 306 4018 aquam
329 3939 455 4004 calidam
477 3941 576 4002 habet.
631 3939 781 4020 Beckerus
804 3940 938 4006 Graeeum
966 3961 1071 4005 nomen
1099 3959 1235 4022 quaerens

199 4055 395 4140 ἰπνολέβητα
415 4061 546 4137 sonavit,
564 4061 737 4124 'admodum
764 4061 929 4124 infeliciter.
973 4060 1134 4126 Finxernnl
1155 4061 1235 4122 enim
