2888 4576
663 210 708 276 95

168 415 235 478 talis
268 416 452 478 contusionis
484 417 649 496 vestigium
706 414 809 490 Quare
843 421 926 478 recte
954 416 1103 480 biblianus
1135 413 1207 497 ps

166 536 224 598 boc
252 534 425 598 Philochori
454 539 654 597 commentum
686 531 870 615 repudiarit,
914 536 979 614 ipsc
1011 553 1082 596 varo
1108 541 1204 616 putat,

168 672 221 714 eos
253 653 366 716 aedibus
395 654 574 716 exornandis
600 651 694 713 laams
723 669 807 733 esse,
840 653 1073 716 anathematicos
1102 654 1204 718 luisse.

165 769 225 847 Sed
252 771 311 832 boc
339 789 407 834 cuna
435 771 554 833 illorum
581 775 750 849 temporum
778 771 969 848 simplicitate
990 774 1112 834 minime
1133 790 1205 834 con·
1252 780 1255 782 ’

165 890 264 968 venit,
297 892 331 950 ut
360 907 429 952 rasa
452 889 647 950 conficiantur
668 889 736 949 vani
758 891 924 950 ornamenti
952 907 1057 969 causa,
1091 891 1205 952 nullum

166 1023 271 1068 verum
292 1007 322 1068 iu
345 1024 444 1068 usum.
489 1005 588 1068 Etiam
616 1005 667 1068 nbi
696 1007 726 1065 in
754 1006 884 1066 Deorum
913 1007 1030 1086 templis
1060 1010 1204 1088 tripodes,

166 1129 319 1198 craterae,
352 1122 411 1186 alia
432 1124 663 1204 dedicabantur,
697 1123 835 1184 utilitatis
864 1141 952 1186 causa
981 1126 1204 1200 dedicabantur,

168 1241 277 1320 quibua
299 1243 328 1302 ia
351 1239 436 1304 lestis
457 1241 563 1304 diebus
584 1246 613 1303 et
636 1239 809 1303 solennibus
825 1243 922 1320 epulis
936 1247 1102 1304 uterentur.
1133 1242 1205 1305 Mor

166 1362 252 1426 utin
274 1361 415 1438 opulenta
437 1359 526 1420 domo
546 1360 632 1439 plura
655 1364 741 1420 erant
762 1377 848 1439 vasa,
872 1379 960 1438 quam
983 1378 1049 1439 que
1070 1363 1205 1439 postula·

166 1476 218 1538 bat
239 1478 431 1555 quotidianus
459 1494 546 1558 usus3
589 1483 621 1538 et
646 1478 697 1540 hic‘
722 1495 794 1540 sane
823 1476 910 1539 laxus
939 1483 970 1538 et
997 1483 1121 1540 ornatus
1145 1481 1204 1540 dioi

165 1599 298 1673 poterat3
319 1595 372 1656 sed
395 1613 449 1656 nec
470 1595 528 1656 alia
548 1613 620 1656 rasa
642 1597 672 1656 in
697 1595 814 1674 templis
828 1596 1014 1670 dedicabant,
1036 1596 1102 1658 aliis
1115 1597 1204 1676 vulgo

167 1712 339 1792 utebantur,
362 1727 417 1774 nec
439 1714 587 1792 peculiare
610 1730 704 1790 genus
726 1711 782 1776 luit
803 1713 1089 1776 matbematicorum
1110 1717 1204 1793 tripo-

166 1830 247 1893 dum.
290 1830 416 1895 Fuerint
436 1834 576 1910 maiores,
599 1830 707 1894 inerint
728 1831 955 1912 splendidiores,
978 1835 1113 1894 eiusdem
1133 1852 1203 1913 pro·

165 1947 243 2010 lecto
266 1949 384 2026 generis
406 1919 535 2010 luerunt.
578 1950 666 2024 Quod
694 1957 796 2010 autem
823 1949 912 2012 Semo
939 1950 1041 2012 Delius
1062 1970 1111 2030 ap.
1135 1951 1203 2012 dtb.

166 2067 206 2145 ll,
227 2061 283 2148 38,
305 2085 330 2128 a.
354 2072 385 2129 et
398 2065 559 2131 Callinicus
581 2069 611 2128 in
633 2067 829 2128 describenda
851 2067 1002 2130 Ptolemei
1025 2087 1132 2146 pompa
1155 2072 1201 2146 (p.

165 2179 290 2263 ΜΛ.
311 2193 342 2245 et
364 2181 437 2262 199,
461 2188 505 2259 d).
539 2185 682 2264 Pythicos
702 2185 766 2247 aive
787 2185 947 2264 belpbicoa
969 2185 1099 2262 tripodes
1121 2201 1204 2245 com·

165 2307 348 2382 memorant,
381 2321 439 2364 non
468 2305 618 2382 peculiare
648 2319 743 2380 genus
769 2301 936 2378 significare
963 2302 1116 2380 ridentur,
1149 2304 1201 2362 sed

165 2425 395 2500 permanserunt
417 2425 447 2482 iu
469 2423 562 2484 sacris
584 2422 699 2498 antiqui
722 2419 764 2480 illi
795 2420 943 2500 tripodes,
977 2405 1069 2498 quum
1091 2421 1149 2480 iam
1173 2422 1202 2480 iu

163 2539 279 2616 vulgari
307 2541 375 2600 vitae
402 2558 459 2600 usu
487 2542 585 2600 minus
613 2537 837 2605 commodivisi
859 2541 969 2598 essent.
1014 2536 1095 2598 Nihil
1117 2545 1203 2615 proi·

166 2675 217 2718 sns
239 2656 413 2718 interfuisse
440 2659 519 2717 inter
547 2657 708 2736 Delpbioos
736 2671 898 2732 sacrosque
925 2655 1057 2734 tripodes
1084 2661 1115 2716 et
1137 2656 1203 2716 vul»

164 2793 234 2852 gare
256 2793 368 2856 genus,
391 2775 556 2836 clarissime
576 2775 780 2836 demonstrant
802 2775 946 2850 imagines
967 2792 1003 2834 er
1025 2775 1203 2852 antiquitate

165 2891 295 2972 relictae3
327 2911 425 2972 neque
451 2894 532 2953 euim
553 2892 633 2954 ullus
657 2893 807 2952 invenitur
829 2904 884 2952 nec
905 2891 1039 2970 sculptus
1063 2909 1118 2952 nec
1140 2893 1204 2971 pic-

164 3015 213 3073 tna
237 3013 352 3090 tripns,
385 3013 433 3072 cui
456 3027 514 3070 uon
537 3028 644 3070 aeuum
667 3011 838 3088 impositum
861 3010 911 3073 sitt
956 3007 1204 3085 ursicampum

163 3130 326 3207 scriptores
342 3127 590 3203 consuluerimus,
613 3129 798 3194 inveniemus
819 3129 910 3188 etiarn
927 3126 1071 3206 Delphico
1094 3127 1202 3205 tripodi

163 3244 291 3328 ὅλμον
312 3248 375 3308 sire
397 3247 543 3334 cortinam
566 3244 658 3306 luisse
680 3247 861 3326 impositam,
884 3250 915 3306 et
927 3245 1069 3325 Pytbiaru·
1083 3245 1113 3305 iu
1136 3261 1203 3305 eor·

163 3365 228 3425 tina
246 3365 400 3426 sedentem
421 3365 610 3425 vaticinatam
631 3379 708 3426 esse.
833 3328 846 3348 ’

248 3481 293 3541 De
315 3480 414 3542 bolmo
437 3481 564 3559 tripodis
586 3480 723 3543 nolumus
745 3480 825 3558 longi
847 3495 927 3554 esse,
950 3482 1089 3558 quoniam
1108 3479 1203 3541 multo

162 3595 249 3677 plura
276 3599 466 3676 disputarunt
494 3597 556 3660 VV.
587 3597 667 3676 nn,
708 3615 799 3675 quam
827 3609 903 3675 opus
931 3602 1019 3659 erat'
1057 3595 1202 3657 blnllerns

162 3716 255 3776 etiarn
275 3733 384 3792 negare
405 3733 497 3776 ausus
518 3719 566 3786 ¹est
588 3713 617 3772 id
640 3713 719 3790 quod
742 3714 879 3776 omnibus
898 3715 1080 3796 ‘testimoniis
1095 3713 1202 3791 proba·

165 3838 225 3910 tur,
247 3799 347 3914 ‹inpar›
368 3850 385 3892 a
407 3831 522 3892 Latinis
544 3831 687 3892 cortinam
710 3847 778 3890 esse
799 3831 992 3911 appellatum,
1025 3834 1200 3911 statuitque,

163 3931 377 4030 abaeumesse,
402 3968 459 4010 nou
483 3968 600 4010 acuum.
633 3949 669 4009 Ei
691 3955 771 4010 recte
793 3947 966 4028 obloquitur
988 3947 1201 4010 Brnndstedins

134 4127 138 4130 .
161 4068 191 4126 in
218 4065 320 4126 itiner.
342 4064 368 4145 l,
390 4085 419 4144 p.
443 4062 505 4126 115
525 4083 611 4144 sqq,
648 4081 827 4145 quamquam
856 4071 887 4126 et
914 4067 978 4144 ipse
1000 4066 1084 4143 plura
1106 4067 1200 4136 addit,
