2888 4576
710 139 771 249 roo'

221 387 315 449 Aliert
328 387 429 449 Pollux
442 387 492 448 lib.
503 389 681 452 X.eiusdem
694 394 788 467 poetae
796 390 990 450 versiculum:
1002 383 1162 476 βαλανεάς
1171 385 1254 450 ὤθει

221 516 290 580 ταῖς
298 501 503 587 ἀρνταίναις.Ι
528 504 680 568 Laudatur
692 524 780 584 porro
792 507 1016 586 Theophrastus
1027 507 1115 568 Char.
1126 502 1164 566 9:
1176 507 1254 567 Δει-

223 619 278 698 νός
286 620 322 686 δὲ
332 626 387 686 καλ
397 619 478 706 πρὸς
488 619 528 685 τά
531 621 668 704 χαλκεῖα
678 621 718 686 τά
726 621 761 689 ἐν
766 619 810 712 τρῖ
819 623 983 712 βαλανείῳ
997 618 1190 706 προσελθών
1200 625 1255 684 καὶ

220 740 337 822 βάψας
358 737 536 823 ἀρύταιναν
551 741 930 824 βοάντοςτοῦβαλανέως
941 734 1254 816 αάτὸςαάτοῦιιατα-

218 861 374 939 χέασθαι.
406 857 440 918 lu
452 853 604 950 ἀρυταίνῃ
615 861 707 938 igitur
718 859 798 920 nulla
811 864 858 920 est
873 860 1018 922 dubitatio
1028 861 1099 937 quin
1112 859 1255 919 erraverit

221 976 314 1037 schol.
328 977 481 1054 Aristopb.
501 978 715 1054 interpretans:
735 975 877 1058 χαλκοῦν
897 977 1016 1051 σκεῦος,
1039 971 1066 1063 ιβ
1086 971 1121 1040 τά
1142 973 1255 1039 ἔλαιον

220 1091 379 1172 ἐγχέουσιν
388 1092 432 1168 εἰς
443 1089 513 1169 roric
525 1092 663 1176 λύχνους.
708 1093 776 1155 Fuit
787 1113 925 1174 magnum
938 1111 998 1171 vas,
1014 1112 1074 1171 quo
1088 1096 1118 1155 in
1141 1092 1255 1153 balneis

219 1229 327 1290 aquam
349 1210 503 1271 haurirent
524 1215 555 1271 et
576 1230 666 1291 super
676 1212 808 1274 lavantes
820 1213 1014 1290 ellunderent,
1037 1212 1204 1287 hausurum,
1226 1210 1253 1268 si

219 1327 399 1388 Lueretiauo
420 1329 561 1390 vocabulo
582 1331 627 1391 uti
649 1329 729 1392 licet.
773 1328 861 1408 Quod
883 1334 983 1392 autem
997 1325 1254 1400 Becherusffiha·

113 1487 116 1494 Δ
219 1445 332 1524 rioldi,
348 1466 377 1524 p.
390 1441 466 1519 144)
488 1443 625 1525 affirmat,
649 1441 827 1528 ἀρύταιναν
848 1465 913 1508 esse
934 1447 1053 1507 situlam
1075 1464 1151 1522 eam,
1184 1462 1253 1523 quae

219 1566 370 1640 spectetur
392 1564 421 1623 iu
444 1581 514 1624 vase
534 1564 613 1642 picta
636 1565 693 1625 tab.
705 1560 737 1640 4,
750 1584 781 1625 n.
793 1560 824 1636 1,
846 1581 919 1626 sane
935 1567 1106 1642 argumenta
1119 1564 1252 1641 requiro.

301 1679 401 1740 Etiam
422 1681 452 1739 iu
475 1675 646 1766 ἀρυβάλλῳ
669 1679 822 1742 Pollucem
843 1699 963 1760 sequor,
988 1698 1043 1741 uec
1064 1684 1137 1759 puto
1159 1678 1254 1739 multo

218 1792 255 1852 ab
276 1794 325 1854 illa
348 1795 497 1854 diversum
520 1795 621 1874 luisse,
643 1815 701 1856 uon
714 1796 810 1858 solum
823 1804 943 1877 propter
953 1799 1008 1858 viri
1030 1797 1252 1870 auctoritatem,

217 1908 269 1968 serl
291 1911 379 1970 etiam
398 1917 519 1990 propter
530 1913 738 1992 etymologiam
750 1917 887 2002 nominis,
910 1920 941 1977 et
961 1920 1084 1994 propter
1104 1915 1253 1974 rationem

217 2021 508 2110 looihristophauei3
531 2049 624 2108 quum
645 2033 724 2091 enim
748 2033 913 2092 insiciarius
936 2033 965 2092 id
988 2049 1106 2125 semper
1123 2034 1253 2110 spectet,
1376 2094 1379 2100 ,

130 2224 134 2229 ¹
216 2144 250 2200 ut
272 2147 413 2220 perpetuo
436 2147 547 2206 maiora
570 2148 735 2225 pollicendo
754 2147 893 2210 Cleonem
914 2151 1028 2227 vincat,
1053 2165 1110 2208 nou
1133 2148 1253 2208 videtur

215 2275 322 2334 magno
346 2260 423 2320 illius
445 2262 567 2323 haustro
588 2281 707 2342 parvam
729 2265 888 2344 ampullam
906 2266 1089 2327 substituere
1107 2266 1251 2343 potuisse.

214 2372 316 2445 Quare
337 2375 421 2435 lusus
443 2376 565 2439 forsitan
595 2353 690 2459 poetas
716 2383 844 2442 alicuius
871 2385 928 2462 sit,
963 2384 1042 2462 quod
1064 2384 1251 2460 marsupium

215 2490 256 2546 ila
279 2494 325 2548 ost
346 2492 542 2573 appellatum,
571 2515 606 2558 ao
629 2501 731 2558 nescio
752 2517 788 2560 au
811 2499 853 2559 nil
876 2501 932 2560 nisi
956 2502 1126 2561 oonieotura
1149 2518 1251 2577 gram·
1310 2584 1313 2589 Ι

214 2605 400 2686 maurorum,
425 2611 502 2687 quod
525 2613 632 2674 dorent
655 2620 704 2685 (ut
719 2615 828 2678 Athen.
844 2610 1037 2698 xt‚783,f)‚
1060 2613 1252 2698 ἀράβαλλον

214 2735 281 2778 esse
302 2717 452 2805 ποτήριον
466 2727 616 2793 κάτωθεν
637 2726 807 2814 εὐρύτερον,
831 2732 899 2796 ἀνω
921 2732 958 2796 ur
979 2737 1185 2816 συνηγμένον,
1207 2730 1253 2810 οἷς

213 2831 253 2897 rol
274 2840 440 2904 σάσπαστα
460 2844 640 2926 βαλάντια,
674 2847 698 2910 ἀ
722 2853 778 2910 καὶ
805 2845 886 2914 oriani
914 2841 970 2914 ἀνά
995 2847 1051 2934 τήν
1072 2846 1251 2934 ὁμοιότητα

214 2945 411 3032 ἀρυβάλλους
432 2963 513 3035 τινὲς
536 2961 677 3027 καλοῦσι.
720 2963 875 3026 Consentit
896 2967 989 3029 schol.
1011 2968 1081 3031 llr.:
1106 2967 1252 3032 πλεκτάν

213 3088 241 3126 τι
261 3067 439 3147 βαλάντιον
453 3073 532 3158 ὅπερ
543 3075 715 3160 ἑλκόμενον
725 3081 865 3146 κλείεται
881 3087 936 3146 καὶ
956 3079 1132 3164 ἀνοίγεται,
1153 3084 1252 3168 παρά

212 3175 246 3241 τὰ
276 3177 385 3260 ἀράειν
412 3192 466 3249 καὶ
485 3191 636 3270 βάλλειν,
659 3201 689 3255 et
710 3193 857 3276 Hesycht
888 3196 1072 3284 ἀρυβαλλδα
1100 3201 1252 3286 λήκυθον

210 3295 349 3378 Δωριεῖς,
372 3298 404 3363 ολ
425 3301 461 3365 δὲ
481 3305 736 3388 μάρσυππον.-
759 3311 847 3390 Quod
871 3317 963 3393 igitur
978 3316 1111 3380 Panollra
1134 3319 1251 3398 (Reoh

212 3407 248 3487 V,
269 3409 328 3487 95)
351 3421 381 3474 et
402 3416 570 3482 Gerhardus
594 3425 937 3510 [Rap59-—613Ult
961 3433 998 3496 ll.
1022 3430 1076 3514 42,
1099 3431 1161 3512 43)
1183 3455 1252 3498 am-

211 3523 304 3598 pullas
336 3531 462 3592 olearias
494 3537 613 3611 globosa
647 3541 756 3624 torma,
790 3564 865 3623 quas
894 3548 960 3609 ltali
987 3546 1073 3612 “vasi
1103 3570 1120 3613 a
1151 3552 1250 3630 pallo'’

211 3635 321 3715 dicunt,
343 3646 488 3721 aryhallos
501 3655 695 3734 appellarunt,
718 3676 775 3718 non
798 3663 894 3722 solum
918 3667 1052 3741 ignotum
1074 3672 1107 3729 et
1128 3675 1251 3731 mature

209 3747 372 3824 obsoletum
395 3778 499 3823 noman
517 3775 690 3848 posuerunt,
714 3774 778 3852 sed,
801 3785 835 3838 ut
849 3767 966 3860 opinor,
990 3800 1115 3861 prorsus
1127 3784 1249 3851 tusum.
