2876 4580
675 231 719 296 85

667 435 714 485 lll.

250 572 365 622 Tertium
393 583 474 634 genus
493 571 570 622 nabet
588 584 679 633 eorpus
697 572 760 621 salis
778 572 921 637 tumidum,
947 585 977 624 os
1001 573 1075 636 paulo
1098 576 1201 626 restric-

162 674 224 736 tius,
241 673 335 724 collum
353 679 398 723 aut
416 685 520 735 parturn
538 673 706 738 aunulfum,
724 685 798 724 aures
816 675 889 724 duas.
932 675 998 726 Sunt
1014 688 1114 738 perraro
1132 679 1201 727 anll-
1277 738 1286 756 x

162 776 276 840 unieris,
304 787 372 838 supe
400 775 558 836 perfectioris
585 776 646 826 artis
671 773 771 826 Attiou.
814 775 936 838 Exempla
955 790 977 826 ι.
996 777 1101 828 Pauofk.
1122 778 1200 830 lircil.

162 877 271 944 rin-rm
290 877 486 939 ocerannum.
498 875 581 941 urm
599 877 725 928 uuna.
739 849 778 930 ro.
813 875 957 940 Antiquom
966 890 1009 928 ns
1018 879 1093 944 (ran.
1101 879 1201 946 rrae),

164 981 232 1042 quud
252 985 350 1042 guttum
369 979 445 1031 habel
462 981 581 1041 operculo
599 980 764 1044 impositum,
782 979 832 1028 iarn
851 981 1106 1032 commemoravimus
1124 995 1149 1044 p.
1158 981 1200 1033 f5.

162 1106 198 1119 --
215 1083 380 1132 inveniuntur
398 1094 427 1132 cr
446 1081 533 1132 italico
551 1093 643 1144 genere
660 1081 756 1132 similia
773 1094 846 1147 rasa,
864 1083 921 1147 sed,
937 1081 1022 1133 Attica
1040 1083 1083 1132 illa
1097 1084 1202 1146 simpli-

163 1185 239 1234 citate
256 1190 367 1249 remota,
394 1183 462 1233 nulla
489 1183 540 1234 iam
564 1183 845 1263 opificibusuclcgautia
868 1185 1048 1238 satisfaciebat.
1092 1185 1157 1236 Nam
1176 1178 1201 1236 et

163 1297 239 1336 aures
256 1285 283 1335 in
306 1285 465 1336 altitudinem
485 1285 615 1348 eriguntur
631 1291 657 1336 et
673 1287 822 1349 operculum
841 1287 890 1336 alle
909 1287 1040 1350 fastigatur
1057 1298 1125 1349 serpe
1143 1288 1200 1337 aliis

163 1388 343 1449 superstructis
368 1387 512 1438 minoribus
537 1387 657 1439 vasculis.
697 1387 819 1452 Exempla
845 1401 868 1438 v.
892 1387 1199 1454 Gerirard.Ultli.17;

161 1489 270 1540 soron.
288 1489 335 1555 ιιι,
352 1488 400 1554 ⁵²3
419 1489 531 1551 uantur.
551 1477 641 1556 ceint,
658 1491 711 1552 narr.¹
724 1490 751 1542 u.

248 1590 321 1641 'falia
332 1603 390 1642 vasa
405 1591 429 1640 si
443 1605 493 1642 non
507 1598 619 1656 cratera,
636 1598 662 1642 at
679 1589 870 1666 ἄκρατοφόρου
886 1593 967 1642 licum
977 1592 1134 1657 prostitisse,
1151 1594 1200 1644 de-

163 1698 286 1743 monstrat
295 1695 425 1756 egregium
442 1695 607 1757 exemplator
617 1695 754 1757 Campania
774 1692 837 1760 (rid.
848 1693 1209 1756 Gern.“lleopelsunulen”=

163 1795 212 1860 lll,
231 1809 255 1857 p.
273 1793 340 1860 4633
357 1796 465 1846 Panoflr.
483 1796 563 1847 flach.
581 1796 639 1864 vll,
657 1794 697 1862 2),
716 1797 742 1846 in
761 1809 820 1860 quo,
844 1808 923 1858 quum
942 1796 1071 1846 inventum
1090 1802 1138 1862 cst,
1156 1797 1200 1846 iu·
1229 1861 1232 1866 1

164 1887 429 1960 erotadnuccyatlms.
465 1897 549 1948 inhoc
558 1897 691 1961 rasepleta
702 1904 848 1961 spectantur
857 1902 915 1947 anto
924 1898 1016 1949 Bacchi
1026 1899 1140 1948 hermam
1150 1899 1201 1950 duo

162 1999 351 2050 eiusdemmodi
360 2012 418 2049 vasa
427 2010 532 2049 mensae
544 1999 673 2062 imposita.
690 2001 757 2051 unde
768 2001 860 2050 mulier
873 2011 965 2054 cornua
975 1999 1111 2050 hederacea
1121 2006 1147 2050 el
1155 2011 1201 2051 ca-

161 2101 233 2164 prina
249 2103 316 2164 pello
333 2107 420 2151 omata
433 2101 520 2153 einum
532 2102 620 2164 cyatho
631 2099 713 2150 libans
723 2102 748 2150 in
763 2101 886 2162 scyphum
896 2101 1020 2172 infundit3
1037 2101 1110 2150 adest
1123 2102 1199 2151 ctiam

160 2203 303 2252 mutianus.
320 2229 355 2240 -
383 2201 447 2264 Qua
466 2203 613 2265 posterioris
635 2203 715 2254 artatis
738 2207 818 2269 sunt,
844 2213 962 2261 magnam
981 2207 1078 2263 partem
1097 2208 1200 2252 ornatus

162 2316 239 2354 causa
261 2305 375 2356 confecta
400 2305 526 2356 ridentur.
544 2330 577 2342 -
610 2305 668 2356 itali
692 2305 745 2355 irae
766 2315 824 2355 rasa
848 2293 913 2355 ollas
935 2303 1037 2364 dicunt,
1063 2303 1131 2364 quod
1148 2315 1199 2354 non

162 2405 300 2456 admodum
326 2407 457 2472 vitupero,
486 2419 544 2457 uam
572 2407 679 2458 ollarum
706 2407 813 2456 formam
837 2403 1101 2476 persimilcmfuisso
1126 2405 1200 2455 vide·

165 2507 259 2556 bimus.
299 2505 363 2568 Quor
389 2513 475 2558 autem
503 2520 517 2558 a
542 2507 656 2558 Panorln
683 2513 709 2558 ct
734 2507 862 2559 Gerhardo
888 2511 1063 2568 proponuntur
1087 2506 1200 2571 nomina,

163 2610 261 2664 κυαθίς
278 2615 303 2659 cl
320 2606 448 2678 στάμνος,
467 2621 583 2671 eaquarn
600 2609 662 2660 falsa
680 2610 740 2674 siut,
757 2609 806 2660 sub
823 2608 864 2658 his
881 2606 1012 2659 vocabulis
1030 2607 1114 2660 ridere
1133 2607 1199 2658 licet

248 2861 381 2924 singulare
400 2863 529 2926 quoddam
548 2875 591 2914 ras
608 2861 639 2912 ad
657 2866 809 2912 craterarum
831 2873 912 2924 genus
929 2862 1067 2928 pertinens,
1095 2861 1200 2923 quadri-

163 2962 252 3013 farlam
269 2963 397 3029 ansatum,
422 2977 445 3017 ι.
469 2977 510 3027 ap.
537 2964 601 3016 Pan.
626 2964 648 3028 l,
666 2962 716 3027 253
743 2963 776 3014 de
802 2961 917 3013 rotundis
943 2962 1096 3024 quibusdam
1123 2975 1199 3026 supra

161 3065 377 3128 strimonos.
920 3057 924 3062 '

513 3261 842 3272 -n—-u———n—-n

513 3273 842 3286 m

636 3464 721 3544 §2

205 3627 255 3694 De
279 3625 358 3694 rosis
383 3623 546 3718 inquibus
570 3632 750 3716 coquuntur
773 3631 804 3690 et
826 3621 973 3690 calefiunt
998 3608 1144 3716 liquores.

577 3819 606 3884 ¹·
650 3824 784 3904 Attea

160 3978 219 4036 iam
241 3995 278 4036 cx
301 3973 431 4036 Homero
452 3973 541 4052 vulgo
564 3979 651 4035 nolus
674 3979 729 4036 est.
781 3974 858 4036 Usus
881 3976 946 4036 eius
968 3983 1014 4036 est
1036 3975 1071 4036 ad
1094 3989 1199 4036 munus

160 4092 312 4172 pedesque
324 4091 473 4173 lavandos,
498 4097 531 4153 ul
554 4094 583 4152 in
607 4091 753 4171 frequenti
776 4092 843 4152 illo:
