2876 4580
597 247 912 344 -Ῑῧ-ᾳ..

280 450 610 529 eundorelinquantur.
647 447 737 511 Utin
762 447 812 508 illo
835 449 901 510 rudi
924 466 1034 528 genere
1056 453 1215 514 maximam
1238 454 1323 514 vide·

279 573 384 634 bamus
404 571 646 630 ornamentorum
669 567 904 646 multitudinem,
937 569 978 630 ita
1006 567 1054 630 laio
1082 587 1202 648 semper
1225 573 1322 632 maior

278 690 401 768 apparet
427 686 604 764 simplicitas
632 689 664 746 et
695 686 828 763 paucitas
860 693 1121 766 ornamentorum
1166 707 1320 767 nunquam

278 806 382 885 plnres
400 804 562 883 figurarum
582 821 680 883 zona,
715 807 829 865 tantum
859 805 887 864 in
917 781 1138 886 antiquioribus
1167 806 1320 868 interdum

279 926 359 988 aliud
382 925 412 985 in
434 939 574 1002 corpore,
607 921 685 984 aliud
713 922 743 981 in
771 921 847 982 collo
873 925 954 984 rasis
983 927 1208 1004 argumentum
1253 943 1320 984 om·

281 1046 329 1105 nia
362 1043 399 1104 ad
432 1041 612 1120 symmetriae
645 1040 740 1118 legem
772 1039 973 1118 pulcherrime
1005 1041 1159 1119 disposita.
1220 1041 1320 1120 Argu·

274 1145 379 1246 quanta
401 1177 468 1220 raro
490 1164 561 1221 sunt
581 1155 731 1234 animalia,
754 1161 787 1219 ut
809 1155 888 1235 galli,
911 1159 1021 1236 saepius
1037 1158 1174 1220 humanu
1189 1162 1320 1238 species,

279 1283 311 1340 et
331 1280 428 1358 primo
449 1277 569 1355 quidem
581 1277 710 1338 Deorum
733 1275 856 1338 concilia
875 1280 905 1336 et
920 1293 1036 1355 pugnas,
1060 1277 1186 1338 heroum
1198 1277 1320 1342 conitar

281 1397 368 1474 lacta,
391 1396 545 1457 bominum
568 1395 740 1471 certamina,
763 1391 901 1454 bacchini
923 1399 1046 1474 costus3
1078 1399 1182 1472 postea
1205 1398 1321 1458 sensim

278 1513 557 1594 discernerentur,
582 1515 755 1589 argumenta
777 1512 886 1588 saepius
907 1527 946 1572 ex
970 1511 1122 1574 hominum
1144 1517 1176 1574 et
1196 1532 1232 1574 ex
1256 1515 1321 1591 pri-
1415 1543 1431 1569 ·-

280 1637 346 1694 vata
369 1634 427 1694 vita
448 1634 602 1710 petuntur,
625 1629 772 1690 interdum
794 1647 831 1688 ex
852 1629 1014 1709 comoedia,
1038 1632 1092 1692 virt
1114 1631 1227 1708 palliati
1245 1651 1320 1692 con·

279 1757 450 1828 comantes,
483 1748 686 1810 adolescentes
715 1746 785 1808 nudi
808 1761 876 1806 cum
899 1747 1064 1825 strigilibus
1085 1749 1172 1826 quasi
1193 1748 1231 1809 ad
1254 1749 1321 1810 bal·
1430 1829 1431 1834 ἵ

281 1885 351 1930 neas
374 1873 491 1944 euntes,
514 1867 664 1946 convivia,
686 1863 910 1925 innumerabilia
934 1866 1000 1928 alia.

363 1991 396 2046 ln
419 1983 634 2046 aetatshorum
657 2001 793 2046 vasorum
816 1959 982 2044 delinienda
1005 1985 1132 2047 maxims
1156 1987 1318 2064 inscripta·

279 2122 346 2166 rum
379 2103 545 2164 litterarum
579 2099 680 2162 lormis
712 2105 855 2181 utuntur,
889 2100 1002 2162 lubrico
1030 2119 1102 2164 sane
1130 2111 1318 2182 argumento.
1428 2113 1431 2186 t

279 2219 348 2296 Quo
370 2221 490 2302 quidem
513 2224 646 2298 tempore
667 2225 771 2298 coepta
793 2221 853 2280 sint
867 2217 982 2294 confici,
1006 2221 1144 2297 equidem
1160 2241 1218 2284 non
1231 2224 1317 2284 dixe-
1430 2189 1431 2280 l

228 2345 233 2354 '
280 2341 353 2420 rim3
377 2358 437 2418 quo
448 2339 601 2416 desierint,
624 2337 723 2414 potius
734 2338 850 2398 videtur
862 2340 1003 2398 constitui
1014 2355 1113 2416 posse.
1135 2341 1225 2404 Extat
1236 2343 1318 2404 enim
1429 2321 1430 2336 ἢ

278 2455 548 2536 inhluseolllacas,
572 2449 674 2532 tabl,
696 2471 748 2514 vas
759 2456 907 2532 quoddam
919 2455 1077 2536 Nolanum,
1102 2459 1131 2517 in
1146 2475 1206 2535 quo
1218 2459 1319 2536 pictus
1360 2521 1366 2532 ,

279 2574 461 2651 conspicitur
488 2574 583 2651 tripus
611 2589 679 2632 cum
709 2573 794 2632 titulo
822 2573 1015 2634 dedicationis
1036 2578 1319 2642 ΛΚΑΜΑΝΤΙΣ

279 2691 535 2755 ΕΝΙΚΑΦΥΛΕ
552 2690 682 2768 antiquis
704 2681 812 2749 litteris
833 2690 1077 2773 Atheniensibus,
1101 2711 1177 2770 quas
1198 2695 1228 2756 iu
1252 2713 1319 2756 ωο-

281 2811 430 2870 numentis
451 2807 578 2887 publicis
600 2804 925 2888 postoihxxxvtt,
948 2811 977 2868 in
1001 2828 1057 2870 usu
1080 2810 1173 2874 luisse
1196 2818 1318 2888 negant.

279 2925 358 2988 lnlra
380 2931 478 2988 autem
501 2923 771 3006 tegiturrtadxnv
791 2924 890 3001 καλός
913 2929 949 2988 iis
971 2928 1089 3009 litteris,
1113 2945 1181 3006 qun
1191 2929 1318 2992 Euclide

279 3046 420 3108 archonte
442 3043 494 3108 Ol.
516 3043 629 3124 xciv,
661 3039 694 3106 ἓ.
718 3045 782 3122 lege
804 3049 931 3123 recepte
954 3051 1024 3107 sunt
1047 3049 1076 3107 in
1099 3046 1227 3124 publicis
1250 3065 1316 3108 mo-

278 3165 445 3241 numentis,
478 3179 569 3242 quum
597 3168 666 3223 ants
692 3161 765 3224 illud
794 3165 911 3241 tempus
937 3163 1003 3224 sinc
1030 3163 1119 3225 dubio
1147 3166 1177 3224 in
1201 3165 1318 3242 privata

249 3281 338 3372 ,vita
369 3285 509 3360 usurpata
542 3279 678 3344 luissent.
733 3281 900 3360 Repudiato
921 3281 1014 3359 igitur
1035 3283 1115 3344 omni
1139 3282 1317 3345 imitationis

277 3404 307 3460 et
328 3398 486 3462 affectatae
503 3400 689 3477 antiquitatis
710 3399 880 3476 suspicione
899 3392 946 3472 ‘(v.
960 3417 1041 3478 supr.
1054 3419 1083 3478 p.
1098 3393 1167 3474 13),
1190 3401 1216 3460 si
1243 3401 1316 3478 quid

277 3537 313 3578 ex
335 3517 382 3578 his
413 3519 591 3580 testimoniis
617 3515 793 3578 concludere
823 3517 911 3596 licet,
943 3517 1002 3581 hoo
1033 3535 1085 3578 vas
1113 3535 1149 3578 eo
1180 3523 1316 3596 temporo

277 3633 387 3697 tactum
408 3636 497 3696 statui
520 3639 641 3713 potest,
674 3651 734 3713 quo
756 3635 805 3697 illa
829 3636 997 3698 litteratura
1019 3637 1048 3696 in
1071 3635 1205 3716 publica,
1238 3635 1315 3712 haec,

276 3754 361 3830 quasi
389 3754 505 3814 cursivo
535 3755 564 3813 in
588 3754 708 3831 privata
729 3755 790 3814 vita
812 3759 1024 3832 usurparetur,
1058 3755 1076 3814 i.
1099 3773 1127 3816 e.
1158 3771 1216 3813 non
1247 3759 1316 3831 post

275 3868 324 3930 01.
347 3868 455 3948 XClV,
486 3869 613 3932 tortasse
634 3876 703 3932 ante
725 3868 774 3931 Ol.
796 3869 987 3949 cxxxvii,
1030 3871 1137 3933 saltem
1158 3873 1195 3932 ad
1216 3879 1315 3950 pocta-

273 3989 380 4048 ra'orcm
399 3996 509 4066 portem
532 3961 625 4068 quinti
645 3997 710 4048 onte
734 3985 801 4050 cnr.
823 4006 853 4050 n.
878 3989 978 4048 ccccc
1002 3989 1153 4068 pertinere
1183 3989 1313 4054 videtur.

274 4097 363 4180 Quod
385 4106 410 4165 si
433 4123 534 4166 aarum
563 4109 626 4183 ost,
660 4123 719 4183 quo
749 4111 881 4182 tempore
911 4105 1036 4168 llorebat
1071 4107 1198 4166 maxime
1233 4105 1340 4194 seul-v
