2876 4580
761 224 806 288 ‘2⁰

272 433 400 494 venissel
420 449 484 512 ars,
507 449 631 492 neeesse
651 434 748 509 essct,
781 433 862 490 retro
882 431 992 492 cedens
1014 432 1045 491 iu
1073 432 1306 509 peinamuaare

270 555 329 614 tur.
384 549 431 612 An
458 549 542 612 oblili
571 567 675 610 sumus
701 548 858 626 praeclaras
891 548 957 610 illas
989 549 1146 628 epicbyses
1177 548 1306 626 Atticas,

268 686 335 749 quac
346 668 496 730 Bacchum
510 673 561 728 aut
582 667 640 728 alia
662 683 721 727 non
744 668 834 746 picta,
856 668 908 726 sed
930 668 1011 746 typis
1033 685 1173 746 expressa
1194 667 1307 728 babent

269 791 315 860 (v.
338 787 532 864 Staolaelberg
553 784 667 846 Grttber
688 785 716 846 d.
738 785 816 845 llell.
838 785 897 868 tab,
919 779 1088 859 49-an
1110 785 1182 846 llaec
1203 789 1307 846 autem

269 921 354 985 rasa,
386 923 453 982 qum
482 905 527 966 vel
558 904 670 982 argilla
698 903 780 964 color
806 902 883 964 alius
904 905 1023 981 generis
1051 921 1117 966 esse
1137 904 1241 982 docel,
1276 905 1305 964 iu

269 1020 445 1103 Campania,
465 1023 594 1102 Apulia,
616 1019 769 1097 Calabria,
798 1020 949 1093 Lucania,
982 1019 1107 1082 Bruttiis
1128 1005 1219 1101 ipsis,
1252 1020 1305 1082 ubi

269 1145 386 1220 reperta
408 1146 489 1221 sunt,
525 1140 667 1203 fabricata
689 1142 835 1201 videntur.
879 1137 911 1198 ln
934 1139 1044 1218 quibus
1065 1141 1153 1202 terris
1175 1157 1213 1200 ne
1235 1139 1306 1218 quis

269 1258 385 1320 dubitet
410 1261 482 1338 quin
503 1260 640 1321 llorueril
660 1275 711 1320 ars
738 1257 879 1334 plastica,
917 1261 1055 1336 mouent,
1090 1262 1124 1319 ut
1145 1258 1304 1334 bocutar,

267 1377 408 1453 praeclara
431 1377 480 1438 illa
503 1379 676 1437 ornamenta
686 1374 883 1453 Metapontini
901 1374 1005 1454 templi
1026 1394 1063 1437 ex
1084 1375 1187 1453 argilla
1208 1379 1304 1438 cocta.

270 1493 327 1555 Sed
350 1512 414 1554 rem
436 1493 556 1555 conlinit
578 1496 697 1555 inventa
719 1511 797 1555 auno
820 1487 905 1554 1828
926 1491 1007 1556 Oriae
1028 1495 1059 1554 in
1072 1492 1182 1571 Apulia
1202 1491 1304 1570 figlina

269 1611 385 1673 allicias
408 1616 452 1687 [v.
474 1611 582 1674 Bullel.
604 1613 631 1672 d.
655 1610 728 1674 lust.
751 1606 837 1672 1834
857 1629 888 1690 p.
908 1605 985 1684 ab),
1008 1612 1086 1674 rasis
1108 1609 1217 1674 relenta
1239 1629 1305 1672 om·

268 1731 349 1792 nium
372 1748 528 1808 generum,
557 1730 684 1792 maxime
707 1732 772 1790 eius
794 1731 930 1808 generis,
960 1730 1040 1807 quod
1060 1717 1203 1808 irequen's
1224 1730 1304 1790 circa

268 1845 387 1910 Barium
420 1851 483 1928 est,
524 1864 651 1926 quorum
680 1850 772 1926 nigra.
792 1846 965 1927 superficies
993 1846 1124 1926 corollis,
1157 1847 1304 1925 capitibus

267 1965 370 2025 aliisve
392 1965 480 2026 rebus
497 1968 574 2029 ‚satis
596 1983 686 2044 parce
707 1969 811 2026 ornata
833 1971 880 2027 est
901 1966 968 2028 albo
991 1965 1166 2045 plerumque
1187 1963 1303 2026 colore:

268 2087 301 2141 ut
323 2082 360 2142 de
380 2081 428 2142 bia
450 2081 554 2145 saltem
576 2084 655 2144 nulla
677 2084 822 2145 dubitatio
844 2088 946 2146 restet.

352 2199 422 2277 Quo
444 2206 578 2280 ternpore
600 2201 723 2276 desierit
743 2201 800 2262 boa
822 2219 916 2280 genus
937 2203 1000 2262 siae
1022 2203 1096 2262 artis
1117 2203 1181 2262 siae
1202 2201 1303 2278 potius

268 2316 389 2398 opificii,
415 2336 473 2379 non
497 2319 584 2380 facile
605 2320 740 2382 dixerim.
785 2319 956 2382 Gerhardus
977 2337 1074 2399 usque
1095 2295 1132 2380 ad
1155 2319 1186 2382 S.
1210 2317 1244 2382 C·
1266 2319 1303 2380 de

267 2435 503 2498 Bacchanalibus
532 2443 575 2508 (a.
598 2430 660 2498 186
689 2455 716 2499 a.
745 2435 815 2498 Chr.
847 2443 891 2513 n.)
921 2439 1057 2516 perducit
1084 2440 1206 2516 propter
1236 2452 1303 2514 my·
1425 2441 1426 2524 }

268 2553 429 2613 cleriorum
444 2554 605 2618 nationem.
648 2554 724 2624 Eum
747 2557 821 2616 satis
843 2554 981 2618 refutavit
1004 2556 1173 2617 Kramerus.
1186 2572 1215 2631 p.
1241 2547 1303 2614 137
1424 2539 1426 2598 ἶ

267 2687 349 2749 sqq.,
372 2671 424 2749 qui
447 2671 510 2749 ipse
532 2675 651 2745 censet,
682 2673 738 2733 sub
760 2672 924 2734 secuudum
946 2671 1092 2734 Punicum
1115 2671 1226 2734 bellum
1248 2671 1302 2732 de·
1423 2727 1425 2746 ζ

266 2805 351 2849 essse.
408 2841 412 2848 .

350 2905 412 2968 Neo
433 2911 532 2968 tameo
555 2908 622 2969 ideo
643 2908 804 2987 figulorum
823 2927 873 2970 ars
895 2911 999 2971 desiit:
1023 2913 1083 2971 imo
1096 2897 1198 2970 lloruit
1211 2924 1302 2986 quam

149 3018 158 3026 “
265 3025 391 3084 maxime
412 3028 443 3085 et
464 3040 518 3103 per
539 3044 642 3087 omnes
665 3031 760 3090 terras
782 3028 898 3105 vulgatu
920 3033 982 3108 est;
1006 3047 1060 3089 uec
1081 3026 1302 3106 pulchritudine

265 3142 409 3204 cadebant
429 3143 578 3222 prioribus
600 3163 635 3205 ea
658 3162 746 3219 vasa,
781 3163 848 3224 qum
869 3149 937 3224 post
959 3145 1206 3224 conficiebantur,
1243 3159 1301 3204 uon
1422 3159 1424 3180 ³

266 3250 393 3337 penicilli
417 3259 556 3322 ductibus
578 3264 631 3322 sed
653 3264 733 3341 typis
754 3267 868 3324 ornata.
923 3261 1201 3326 Commemorantur
1222 3260 1301 3339 apud

265 3375 419 3439 lloratium
441 3383 473 3439 el
492 3377 662 3441 Martialem
673 3377 834 3458 Campana,
857 3379 1000 3456 Cumana,
1023 3380 1211 3456 Surrentina,
1233 3378 1302 3457 alis3
1422 3465 1423 3470 γ

262 3493 315 3555 aed
337 3495 465 3556 maxime
491 3497 569 3576 apud
591 3495 720 3558 Plinium
743 3497 880 3577 XXXV,
913 3498 944 3562 S.
966 3494 1035 3576 46,
1070 3497 1162 3560 multa
1191 3513 1302 3574 genera
1422 3535 1423 3546 .

263 3619 485 3678 enumerantur.
529 3613 660 3677 Omnino
687 3633 740 3693 per
767 3616 866 3678 omnia
890 3621 1022 3694 tempora
1046 3620 1177 3677 testacm
1198 3612 1302 3692 supel-
1420 3589 1421 3594 ἵ

264 3727 361 3790 leatile
383 3732 543 3794 utebantur
571 3731 607 3792 ad
637 3733 788 3810 vulgarem
821 3737 852 3793 et
879 3734 1044 3812 simplicem
1073 3736 1141 3795 sitm
1169 3732 1302 3810 cullum;
1421 3811 1422 3824 χ

262 3845 314 3906 sed
336 3845 405 3908 ailla
426 3847 490 3910 bec
511 3855 615 3926 eraut3
638 3867 693 3910 nec
704 3854 772 3928 pasl
781 3850 940 3913 Alexandri
952 3849 1053 3930 Magni
1076 3855 1193 3912 aetatem
1216 3850 1302 3928 quis·

260 3978 360 4058 quam,
382 3965 468 4026 cuius
489 3967 548 4027 sita
570 3965 659 4045 paulo
681 3966 791 4027 lautior
811 3974 902 4047 esset,
925 3988 983 4030 nou
1006 3985 1098 4031 aenea
1111 3974 1142 4030 et
1157 3971 1302 4046 argentea

261 4095 330 4140 vass
354 4079 481 4145 babebat
503 4089 545 4157 (v.
558 4083 773 4146 Eratosthenes
795 4091 825 4146 et
847 4085 968 4148 Polemo
991 4105 1039 4166 sp.
1063 4085 1200 4162 Atb.Xl,
1223 4079 1300 4164 482
