2888 4576
578 185 807 320 =trs⁴

183 428 276 511 quum
302 431 422 510 egregia
449 430 598 492 subtilitas
625 429 661 488 ad
689 428 815 488 aliorum
843 447 959 492 errores
985 402 1165 509 detegendos
1188 439 1217 497 ot

182 551 369 628 refellendos,
393 553 455 610 turn
478 550 632 610 oculorum
653 548 733 609 acies
755 567 915 628 numquam
934 519 1100 612 obscurata!
1113 551 1149 611 ad
1173 556 1218 611 to·

184 670 290 730 nobras
311 668 506 730 removendas
522 685 686 746 uerumque
703 670 824 746 penitus
847 669 1032 730 reconditum
1054 669 1218 730 eruendum

11 837 15 848 .
137 833 143 840 .
183 787 260 850 iacta
283 791 314 848 et
336 786 483 847 destinata
505 785 636 847 ridetur:
660 783 951 866 Mnnvramnntco,
975 788 1025 866 qui
1039 805 1095 848 nou
1108 788 1219 848 maiore

184 906 350 967 litterarum
373 922 474 967 amore
502 922 590 982 quarn
612 903 797 965 humanitate
826 905 972 966 exceliens
1006 911 1065 966 tem
1093 905 1219 984 benigne

182 1023 292 1102 ingenii
315 1024 362 1083 sui
384 1022 503 1082 divitias
525 1019 667 1082 studiosis
689 1023 822 1100 impertit
843 1022 1092 1103 adoiesoeutihus,
1118 1027 1151 1086 ut
1173 1021 1218 1082 vei

182 1147 251 1221 post
278 1141 370 1203 muita
392 1139 499 1200 saeeuia
521 1138 661 1217 Madvigii
685 1156 743 1199 non
767 1157 874 1200 nomeu
898 1140 1012 1220 sotum,
1045 1142 1097 1202 sed
1120 1141 1219 1220 aliqua

182 1279 219 1320 ex
241 1264 325 1338 parte
347 1260 498 1336 ingenium
521 1277 692 1320 mansurum
714 1275 781 1319 esse
803 1258 953 1339 videntium
978 1261 1029 1338 qui
1051 1239 1141 1320 etiam
1163 1259 1220 1320 hoc

183 1379 313 1456 perlecto
346 1376 445 1437 iibelio
477 1377 638 1454 portunitas
670 1377 735 1437 eius
769 1376 900 1437 macules
929 1377 1066 1457 sustulit,
1099 1381 1135 1437 ut
1155 1379 1220 1438 eius

183 1514 274 1575 opera
296 1513 355 1555 non
378 1496 465 1574 peuio
488 1497 596 1556 tersior
618 1499 647 1554 et
669 1494 853 1554 emendatior
875 1496 904 1554 iu
924 1494 1074 1573 pubiicum
1087 1495 1219 1573 prodeat.

184 1613 224 1675 Ut
244 1633 314 1674 vero
336 1615 476 1692 magister
498 1613 546 1674 ilie
568 1614 648 1673 omni
681 1630 798 1691 semper
830 1612 917 1673 laude
945 1611 1140 1674 cumulandus
1162 1618 1220 1689 est,

186 1735 225 1793 iia
247 1731 318 1792 hinc
340 1731 493 1794 discedere
514 1748 572 1790 uon
594 1747 731 1807 possum,
764 1731 835 1808 quin
864 1736 948 1808 grato
970 1732 1068 1791 auimo
1090 1747 1220 1791 nomme·

185 1868 299 1911 morem
320 1849 551 1910 Cumsrrnuuu
573 1847 775 1926 Lrsrovruu‚
810 1850 895 1910 ouius
924 1847 1004 1932 fideii
1026 1853 1056 1909 et
1083 1850 1220 1928 prudenti
1242 1833 1247 1850 “

184 1985 275 2045 opera
296 1967 326 2026 in
348 1973 480 2027 extremo
503 1965 594 2026 libelii
617 1967 819 2043 recognitione
841 1972 914 2027 usus'
936 1985 1019 2047 sum,
1049 1967 1222 2048 adolescen-

186 2091 245 2146 tem
268 2085 340 2146 mihi
363 2086 594 2163 amicissimum,
627 2099 718 2162 quum
744 2084 931 2161 antiquitatis
958 2084 1221 2166 studiosissimum,

186 2207 249 2294 turn
271 2205 378 2266 eximia
400 2203 555 2282 praeditum
577 2201 677 2264 Latini
699 2203 844 2262 sermonis
867 2202 981 2278 peritia.
1300 2171 1302 2183 *
