2888 4576
637 212 700 280 mo

560 307 780 326 Ἦ

154 421 205 482 ubi
217 435 273 498 pro
292 415 413 498 γυάλοιο
434 417 464 478 in
482 391 635 478 codicibus
645 419 692 476 est
701 413 806 494 pairac
839 414 930 490 Quod
942 420 1043 480 nutam
1054 416 1193 480 Meiuele

152 536 217 608 (Fr.
240 534 352 598 Comic.
373 533 427 612 ill,
450 553 479 612 p.
489 528 568 606 554)
591 532 714 611 γυάλας
733 534 886 596 contendit
897 535 1112 596 ablltlicorum
1127 552 1194 596 ser-

97 719 100 732 ,
153 673 242 716 cuono
263 654 352 732 longe
375 655 506 712 romolos
528 668 612 730 esso,
636 651 741 712 eodem
764 653 830 712 iure
853 651 995 718 κώθωνα
1016 671 1054 714 ex
1076 653 1193 714 Aristo·

153 773 254 851 phana
273 747 470 836 exterminare
502 769 610 848 potuit,
644 769 722 846 quod
745 773 776 830 et
804 771 901 848 ipsum
932 770 1095 832 Albenaeus
1117 763 1193 848 483,

153 893 184 954 b.
215 883 409 957 Aaronom
429 885 583 972 ποτήριον
611 886 700 965 dicit,
734 903 789 948 uec
822 888 901 965 quod
925 889 981 968 ipsi
1003 888 1192 953 scribendum

154 1009 286 1084 videtur,
306 1003 448 1082 ecculm,
468 1007 618 1086 cuiquam,
640 1005 760 1083 opinor,
782 1005 921 1082 placebit.

564 1287 613 1354 10.
657 1295 789 1375 Κέρας.

241 1477 391 1544 barbaros
407 1475 535 1556 populos
567 1475 631 1538 iera
659 1479 793 1540 ridemus
819 1479 908 1540 boum
931 1494 1043 1542 coruum
1064 1495 1118 1555 pro
1141 1493 1193 1555 po·

155 1596 233 1658 culis
254 1596 372 1656 babere.
415 1594 480 1658 Hoc
502 1599 534 1656 al
554 1596 682 1656 maiores
711 1600 830 1658 nostros
851 1595 959 1658 iecisse
981 1597 1135 1669 novimus,
1163 1599 1195 1654 at

157 1713 377 1788 Pholustradit,
383 1713 523 1776 barbaros
534 1715 781 1792 septentrionales
796 1707 921 1776 urorum
931 1713 1071 1778 cornibus
1079 1716 1193 1790 potare,

156 1831 325 1910 Xenophon
340 1835 452 1909 autom,
464 1830 582 1894 Graeca
594 1832 702 1892 milites
715 1834 745 1894 in
757 1832 979 1912 Paphlagonum
994 1837 1073 1894 terra
1085 1847 1194 1892 cornea

157 1950 263 2027 pocula
284 1950 434 2011 invenisse
454 1949 565 2022 (inab.-
588 1948 639 2024 vt,
663 1944 694 2028 l,
715 1945 762 2025 4),
784 1951 974 2028 eundemque
984 1967 1100 2012 moram
1116 1946 1193 2026 apud

157 2066 290 2132 Seuthem
301 2066 435 2128 Thracia
447 2083 547 2144 regern
558 2065 701 2129 describit
712 2066 801 2139 (ibid.
813 2066 879 2145 Vll,
890 2061 923 2144 ⁶2,
933 2061 995 2146 233
1016 2061 1049 2142 3,
1060 2060 1114 2145 24,
1124 2061 1193 2136 iob

156 2183 366 2262 Theopompus
377 2184 457 2261 apud
466 2183 537 2246 Ath.
550 2183 605 2261 Xi,
625 2179 741 2262 alian.
765 2183 1192 2261 Pmonumregesprodideral,

156 2319 251 2380 quun
272 2302 350 2380 apud
373 2318 425 2362 eos
447 2305 528 2362 tacta
551 2301 647 2364 bubus
676 2319 787 2366 cornua
809 2306 927 2380 went,
956 2319 1022 2378 quaa
1052 2305 1114 2360 tres
1141 2303 1194 2358 aul

157 2423 300 2498 quattuor
320 2422 443 2498 congios
463 2425 614 2498 caperent,
635 2419 742 2497 pocula
754 2419 993 2496 indeconficarc,
1012 2416 1102 2480 lubria
1121 2434 1193 2476 auro

157 2540 319 2613 argentace
340 2535 494 2617 obductis,
529 2533 568 2600 cci
601 2536 691 2618 χείλη
724 2539 1015 2618 περιαργυροῦντας
1047 2538 1102 2597 καὶ
1121 2554 1193 2616 χρο-

158 2655 300 2730 morimur.
342 2654 455 2715 Eadem
477 2655 593 2714 ratione
614 2654 794 2734 Philippum,
810 2653 1005 2716 Macedonum
1028 2670 1138 2730 regem,
1166 2652 1193 2712 ‘si

158 2791 248 2850 quem
270 2771 396 2850 benigne
418 2773 552 2850 accipere
573 2773 680 2852 veliet,
711 2773 739 2835 ei
773 2790 864 2834 cornu
893 2773 1050 2851 propinare
1072 2770 1193 2830 solitum

158 2908 237 2966 essa,
259 2908 296 2950 cx
323 2889 461 2968 Lycurgo
494 2888 585 2949 reiert
616 2888 778 2949 Athenaeus
799 2889 818 2948 l.
841 2889 860 2950 Ι.
914 2888 973 2948 Sed
1006 2907 1065 2948 non
1099 2887 1194 2946 solum
1298 2962 1300 2970 Α

158 3009 241 3068 labra
263 3009 393 3087 pretioso
416 3007 535 3068 metallo
551 3005 724 3084 cingebant,
748 2993 836 3066 ctiam
859 3007 973 3083 integra
996 3004 1100 3083 pocula
1122 3021 1194 3063 con·
1244 3075 1252 3082 ,

157 3125 298 3188 ficiebant
319 3142 356 3184 ex
384 3141 457 3187 auro
486 3128 517 3184 et
545 3127 668 3202 argento
700 3124 730 3182 in
764 3141 907 3186 cornuum
930 3125 1069 3202 speciem.
1112 3121 1194 3181 Talia

159 3245 279 3323 κέρατα
300 3237 429 3324 α’ργορᾶ
455 3242 648 3303 inueniuntur
680 3241 711 3300 in
745 3241 841 3300 titulis
863 3241 982 3319 Atticis,
1016 3258 1042 3301 a.
1065 3238 1194 3300 bocchh.
1309 3269 1311 3275 ,

159 3359 194 3420 C.
218 3358 241 3422 1.
263 3378 296 3422 n.
318 3353 390 3435 142,
412 3376 458 3418 vv.
469 3354 502 3432 6,
513 3351 566 3436 22,
578 3353 640 3436 393
660 3357 697 3418 ci.
718 3376 747 3416 n.
764 3353 838 3432 139,
849 3377 877 3420 v.
888 3353 918 3422 8.
963 3358 1195 3434 Descmpserunt
1316 3361 1317 3366 ’

159 3495 208 3554 ap.
230 3475 303 3536 Aah.
324 3471 400 3555 476,
420 3475 453 3553 b,
471 3495 496 3536 c.
515 3475 663 3536 Pindarus
694 3473 858 3536 Centauros
880 3476 910 3534 in
933 3473 1060 3536 Pirithoi
1083 3474 1195 3550 nuptiis

79 3653 88 3660 „
158 3595 309 3671 argenteis
341 3593 480 3654 coraibus
510 3593 663 3671 bibentes,
696 3593 856 3672 AEschgius
878 3591 1053 3654 Pcrrbebos
1075 3593 1195 3652 utentes

159 3707 390 3794 ἀργυρηλάτοις
421 3713 532 3793 κέρασι
551 3711 652 3792 χρυσοῖ
672 3705 787 3792 στόμια
806 3708 1098 3791 περιβεβλημένοις.
1143 3706 1196 3769 Gi·

160 3833 242 3890 tatur
263 3829 369 3890 eodem
389 3829 456 3891 ioco
478 3845 603 3890 aureum
622 3845 713 3890 cornu
727 3846 763 3887 ex
774 3826 931 3906 Sophocle,
944 3826 1011 3888 alia.
1035 3805 1208 3904 Reponitur

159 3951 188 4010 in
211 3949 290 4008 rasis
312 3949 410 4025 pictus
431 3946 565 4008 Bacchus
588 3945 647 4006 iaie
667 3962 759 4006 cornu
783 3949 898 4022 tenens,
921 3949 1024 4022 ui'ap.
1038 3943 1192 4006 Gerhard.

157 4065 356 4126 Ausericsene
390 4064 583 4150 Vasenbilder
606 4064 636 4141 l,
663 4059 707 4124 48
741 4041 855 4142 nigrum
888 4083 978 4126 cornu
1016 4062 1083 4124 albo
1117 4062 1197 4124 labro
