2888 4576
708 189 752 256 90

618 273 847 291 m

302 394 378 456 Oiiae
401 395 520 474 proprie
541 411 578 454 ex
606 394 707 471 argilla
725 383 854 456 ‘fiebant
895 393 1043 474 Olympiae
1071 395 1193 474 quidem
1220 395 1250 456 iri

218 513 328 592 templo
354 514 480 588 iunonis
512 512 665 574 dedicatus
699 517 764 573 emt
796 507 953 595 ύρχορούς
982 511 1092 597 χύτρος
1114 523 1157 586 (v.
1178 515 1250 575 Aue

218 631 273 710 xl,
283 625 358 713 480,
370 636 416 711 τ),
429 631 597 710 citiusque
607 634 709 692 orator
720 649 766 710 up.
777 630 853 692 Piin.
865 629 903 692 Η.
916 630 953 693 N.
965 630 1108 708 xxxul,
1118 627 1172 710 40,
1188 626 1253 692 140

217 767 287 810 mse
308 751 480 828 coquinaria
502 767 539 812 ex
560 754 683 828 urgento
697 748 761 810 iieri
777 750 917 831 quiritnt3
940 750 993 810 sed
1008 750 1079 811 iliud
1096 751 1137 810 ita
1151 751 1251 828 legiti-
1283 777 1289 784 ·

216 887 297 928 mum
320 868 391 947 init,
425 872 459 930 ut
480 886 536 928 vox
555 864 669 949 χύτρας
690 872 722 927 et
743 885 810 946 quae
838 868 907 928 inde
935 868 1067 930 derivata
1093 873 1165 927 sunt
1196 885 1252 945 pro

217 990 355 1048 universo
370 987 506 1048 fictitium
519 1003 658 1047 rasorum
672 1003 781 1062 genere
801 986 860 1046 dici
882 987 1044 1064 potuerint.
1075 984 1199 1067 Χύτρατ
1220 987 1251 1046 in

217 1105 280 1165 iuro
309 1105 448 1167 venibunt
477 1107 521 1184 (v.
549 1122 632 1182 supr.
660 1122 690 1182 p.
713 1099 786 1184 16);
818 1103 958 1187 χύτρειος
977 1102 1124 1182 πάταγος
1144 1105 1175 1163 iu
1199 1102 1251 1165 Ar.

216 1224 288 1302 Lys.
316 1219 382 1284 329
408 1224 518 1285 dieitur
545 1222 584 1282 de
611 1224 740 1301 strepitu
768 1240 911 1284 umerum
937 1223 974 1283 nd
1002 1222 1114 1283 iontem
1142 1218 1251 1281 ireetn·

216 1357 300 1420 rum3
332 1341 370 1404 ni.
392 1340 469 1404 Nub.
491 1336 591 1402 1474:
620 1336 866 1422 experientiam,
895 1339 947 1406 ὅτε
973 1344 1028 1404 καὶ
1049 1345 1084 1403 σὲ
1103 1339 1259 1422 χυτρεοῦν

215 1457 295 1526 ὄντα
310 1455 394 1525 θεὸν
406 1455 582 1544 ἡγησάμην,
604 1459 641 1520 de
655 1463 786 1520 usuceo
808 1460 886 1520 dino.
919 1459 1017 1522 Etiam
1038 1457 1120 1536 figuli
1133 1467 1254 1541 χατρετς

216 1579 368 1653 dicuntur,
390 1597 417 1640 v.
440 1577 516 1640 unt
538 1577 613 1656 Rep.
637 1576 694 1655 iv,
718 1573 793 1657 421,
816 1579 858 1658 ὓς
881 1577 994 1640 iireoet.
1016 1571 1089 1655 147,
1111 1594 1146 1658 ⁸3
1168 1578 1252 1636 simi·

189 1749 193 1756 .
217 1695 286 1757 iiter
304 1695 546 1778 χοτροπλύθος,
565 1694 774 1778 χατροπούλης,
796 1696 863 1757 niis.

301 1813 378 1891 Qum
400 1815 461 1892 igni
486 1813 660 1892 imponenda
682 1819 784 1894 erunt,
818 1815 902 1876 rudis
931 1811 1107 1893 pierumque
1128 1817 1160 1873 et
1180 1813 1253 1874 sim·

217 1931 305 2010 plicis
325 1933 425 2010 operis
446 1936 547 2009 erant,
570 1949 624 1992 nee
647 1933 726 2010 typis
749 1949 803 1993 nee
826 1932 975 1993 coloribus
996 1937 1126 2010 ornate,
1148 1934 1253 2011 utpote

216 2067 284 2127 que
315 2048 396 2112 breui
431 2049 552 2128 iuligine
585 2048 684 2113 iurent
705 2050 896 2114 obseurutae..
937 2048 1039 2127 Quare
1060 2049 1253 2129 prouerbium

215 2155 281 2228 erat
307 2168 345 2228 de
373 2186 488 2229 summa
516 2169 616 2246 inopia
636 2165 738 2250 μηδὲν
753 2166 843 2250 Δἔχειν
863 2167 944 2232 ἄλλο
965 2167 986 2251 ἢ
1003 2168 1120 2250 χύτρας
1140 2162 1253 2250 ὄμφα-

216 2281 290 2361 λούς
311 2291 362 2347 aut
383 2289 487 2350 πίθου
507 2282 626 2361 πύύας,
649 2305 775 2366 quorum
797 2291 924 2365 utreque
946 2303 1092 2364 nusquam
1113 2289 1185 2346 sunt
1206 2286 1252 2363 (.

215 2403 315 2465 Schoi.
339 2405 438 2466 ndAr.
452 2404 506 2464 Ar.
520 2395 612 2483 708),
634 2409 666 2464 et
694 2405 732 2464 rie
758 2422 849 2482 opem
872 2421 994 2483 prorsus
1015 2404 1113 2466 inutili
1133 2403 1255 2484 χύτραν

216 2521 395 2588 ποικίλλειν
422 2539 448 2582 v.
478 2521 576 2582 Schni.
604 2523 643 2582 ad
673 2521 765 2602 vesp.
786 2517 862 2586 279.
914 2522 972 2584 Sed
1001 2522 1058 2583 hue
1085 2523 1116 2582 in
1144 2522 1253 2582 entium

218 2656 292 2718 usu3
325 2657 392 2717 que
413 2642 524 2701 mensis
546 2641 731 2719 imponendoe
753 2646 839 2702 erent
859 2641 944 2720 otim,
966 2658 1026 2702 uon
1047 2641 1141 2718 magis
1163 2657 1253 2718 quam

217 2763 315 2818 netem
338 2774 408 2818 vasa
429 2759 612 2819 ornamentis
634 2777 736 2820 curere
757 2763 905 2838 poterunt.

301 2876 346 2936 De
367 2877 466 2954 speeie
488 2876 555 2938 oiim
578 2894 637 2937 non
659 2874 812 2938 multaab
834 2877 965 2957 antiquis
987 2877 1156 2938 truduntur.
1194 2875 1254 2936 Le-

216 2994 313 3069 gimus
334 3011 382 3072 ep.
406 2992 556 3056 Poiiunem
578 2994 635 3076 vi,
663 2990 724 3072 97,
758 2996 869 3057 tumida
898 2995 991 3056 intem
1013 2993 1165 3076 ἄμβωνας
1186 3010 1254 3053 esse

217 3115 335 3192 ναυτίας
358 3117 500 3188 praeterea
522 3112 589 3172 nilis
610 3113 677 3173 dum
698 3130 787 3173 sures
810 3118 912 3192 ernnt3
935 3087 1006 3173 num
1013 3111 1131 3194 χύτραν
1145 3111 1255 3195 ‹pstetv

216 3228 386 3307 dicebatur,
415 3230 441 3288 si
475 3231 542 3308 quis
570 3231 794 3308 comprehensis
819 3231 942 3293 atterius
970 3232 1092 3292 nuribus
1114 3221 1253 3310 basiaret,

217 3364 245 3407 v.
259 3345 334 3408 Poii.
348 3346 390 3426 X,
414 3342 476 3406 100
497 3352 527 3408 et
549 3349 720 3412 Hemsterh.
742 3350 779 3410 ed
802 3350 832 3410 ir.
855 3349 875 3411 1.
908 3349 1009 3424 Quare
1031 3352 1065 3409 ut
1085 3365 1193 3407 nomen
1215 3347 1253 3407 uri

216 3463 296 3526 hune
317 3465 395 3526 diem
418 3468 496 3527 inter
507 3466 598 3528 italos
614 3470 787 3548 permansit,
811 3469 853 3528 ite
867 3485 905 3526 ne
922 3468 1053 3545 speeiem
1064 3465 1186 3544 quidem
1200 3464 1255 3525 ud·

217 3584 336 3644 modum
349 3589 492 3648 mutatum
508 3603 575 3646 esse
589 3585 727 3648 arbitror.
757 3585 820 3647 Nee
837 3586 945 3646 desunt
966 3583 1099 3662 exempla
1120 3584 1254 3661 entique.

300 3700 410 3763 Misere
429 3705 529 3782 igitur,
551 3702 737 3767 Gerhsrdnm
749 3703 823 3782 iinp.
835 3702 918 3764 Volo.
931 3720 980 3764 nn.
991 3696 1120 3762 56-58
1131 3701 1256 3779 pnteiins

216 3821 246 3877 et
267 3819 383 3880 erentes
405 3822 547 3897 quasdam
568 3821 743 3900 chytrernm
772 3822 892 3882 nomine
917 3819 1090 3898 sigunvisse.
1124 3817 1256 3880 Panuiim

217 3935 311 3996 Renh.
334 3931 370 4013 1,
401 3931 445 3998 28
472 3939 565 3998 multo
594 3940 718 4018 propius
739 3955 756 4000 a
778 3956 848 3998 vero
870 3938 974 3999 abesse
995 3937 1122 3998 videtur.
1178 3934 1255 3996 Mihi

217 4053 336 4130 quidem
366 4071 483 4133 semper
510 4054 568 4115 oiin
598 4073 665 4116 cum
692 4055 793 4118 insano
822 4051 916 4116 visum
939 4059 985 4116 est
1007 4071 1058 4116 uns
1081 4053 1152 4116 iliud
1175 4055 1256 4131 qnod
