2888 4576
681 211 725 280 93

590 302 814 314 *u*-

176 421 303 482 multum
325 418 488 481 abhorrent
500 416 602 480 fictilia
616 419 836 498 hypocrateria,
859 421 968 499 quibua
985 423 1130 502 imponite
1147 432 1217 486 aunt

177 539 312 602 rotunde
334 537 394 599 iun
416 541 561 617 craterae,
584 555 660 615 quoe
681 538 767 598 diuos
790 555 856 599 eane
878 541 1057 622 putavimus,
1081 561 1109 606 v.
1133 560 1215 623 supr.

176 677 206 736 p.
227 651 279 719 83.
324 650 600 716 commemorantur
627 657 736 735 saepius
764 655 974 736 hypocrateria
995 661 1074 720 iuter
1095 661 1215 723 dona'ria

178 775 371 855 templorum,
393 791 422 835 r.
444 772 574 835 Boeclrh.
597 771 686 853 Corp.
708 773 801 839 lusor.
823 767 902 856 1,8,
925 795 955 856 p.
976 772 1029 858 211,
1057 781 1088 839 et
1111 777 1213 841 Franz.

176 895 332 958 Elementa
353 891 558 972 epigraphices
579 911 608 971 p.
630 887 685 955 79.

542 1090 574 1156 2.
614 1089 843 1164 Ἐπίστατον

178 1247 373 1326 insigeensis
394 1249 551 1310 marmoris
566 1245 712 1310 'interiore
733 1253 820 1328 perte
840 1250 949 1311 dicitur
971 1251 1050 1329 quod
1074 1253 1103 1311 in
1126 1268 1216 1329 supc-
1243 1255 1250 1267 '

178 1369 258 1428 riore
279 1371 326 1428 eal
345 1352 577 1450 ὕποτρητῆριον
598 1365 741 1438 (Boeclrh.
763 1365 832 1430 (1.1.
857 1362 1061 1448 u.83'Frauz.
1078 1369 1174 1431 Elem.
1187 1389 1216 1432 u.

177 1481 248 1559 32).
295 1485 419 1562 Legitur
441 1485 519 1546 idem
544 1486 575 1544 in
602 1484 656 1546 Ατ.
681 1484 736 1548 Ar.
761 1479 840 1548 436:
867 1485 912 1561 εἰς
937 1483 995 1550 τὸν
1020 1483 1117 1550 ἰπνὸν
1143 1489 1217 1551 εἴσω

178 1574 314 1688 arpenn
334 1599 549 1669 τούπιστάτου.
604 1602 697 1663 Recte
731 1602 846 1681 antiqui
880 1605 1000 1683 quidam
1034 1605 1217 1682 grammatici

179 1723 364 1802 interpretati
403 1725 474 1782 suut
512 1719 650 1804 τρίποδα
680 1719 844 1802 χαλκοῦν,
884 1715 913 1810 qi
944 1719 1131 1786 ἐπιτιθέασι
1161 1719 1218 1787 cdv

178 1840 296 1923 λέβητα
312 1843 367 1903 καὶ
381 1833 599 1905 ὑποκαίοοοα.
635 1837 797 1902 callistrati
809 1841 929 1918 quidem
941 1843 1055 1919 opinio,
1077 1858 1144 1901 ease
1161 1841 1218 1919 lig·

179 1977 250 2020 num
272 1977 309 2018 er
331 1975 391 2036 quo
412 1957 562 2037 pendeant
582 1958 780 2018 instrunmnta
803 1957 962 2037 culinaria,
996 1975 1032 2018 ox
1060 1961 1125 2038 ipso
1148 1958 1218 2019 Ari-

1 2107 2 2122 *
96 2112 103 2116 -
179 2077 334 2155 stephanis
356 2077 422 2136 loco
443 2079 509 2136 orta
531 2076 666 2148 videtum
699 2093 802 2135 eorum
823 2078 924 2136 autem
946 2093 1049 2148 error,
1083 2078 1134 2152 qui
1157 2071 1217 2139 οἷν·

180 2193 317 2277 δριοὶττα
337 2192 474 2277 nideror
494 2193 678 2270 intelligunt,
700 2211 737 2254 ex
759 2209 795 2252 eo
817 2193 896 2271 quod
920 2194 1134 2255 nominativum
1155 2197 1217 2254 sta·
1266 2191 1270 2198 ’

180 2314 294 2376 tuerint
314 2307 538 2416 dldrrcoroirqg
552 2329 611 2372 non
633 2306 668 2376 τὰ
691 2307 871 2376 deumne.

577 2509 610 2576 3.
658 2515 821 2596 Τρίποος

180 2668 307 2750 μηχανή
329 2663 394 2730 ἐστι
416 2675 498 2749 τρεῖς
516 2663 628 2748 βάσεις
648 2663 778 2746 ἔχουσα,
811 2669 845 2727 ut
867 2667 909 2727 ait
930 2665 1076 2726 Diodorus
1098 2663 1217 2726 Siculus

182 2783 268 2862 xvi,
289 2779 347 2857 26,
370 2801 459 2862 quem
480 2801 552 2844 sane
575 2801 710 2846 morosus
732 2789 779 2846 est
801 2786 881 2862 quod
903 2782 1219 2864 vituperathlullerus

183 2901 237 2975 (de
258 2902 374 2981 tripode
395 2901 540 2981 Delphico
561 2921 591 2981 p.
613 2897 661 2975 5).
705 2901 810 2980 Neque
836 2903 913 2962 enirn
935 2899 1101 2978 simplicius
1124 2919 1220 2978 neque

67 3019 72 3024 ’
182 3021 282 3088 verius
304 3018 466 3097 quidquam
487 3023 605 3096 poterat
626 3019 695 3082 dici.
739 3017 837 3080 Omne
858 3020 1105 3097 instrumentum,
1140 3018 1219 3096 quod

182 3143 244 3206 tres
265 3137 356 3216 pedes
377 3135 517 3214 habehat,
550 3138 646 3216 tripus
667 3137 836 3217 dicebatur3
881 3137 970 3197 etiam
993 3154 1094 3197 mensa
1116 3137 1219 3215 tripes,

182 3271 249 3335 quae
271 3255 389 3333 proprie
411 3258 475 3316 erat
495 3253 638 3336 τράπεζα
660 3257 795 3336 τρίπους,
817 3257 858 3314 ita
880 3255 958 3315 dicta
981 3259 1027 3314 est
1041 3254 1078 3314 ab
1089 3253 1220 3314 Hesiodo
1287 3331 1288 3335 Ἰ

182 3390 230 3450 ap.
252 3371 321 3458 alth.
344 3369 384 3450 11,
405 3366 459 3448 49,
481 3371 516 3448 b,
539 3371 738 3450 Xenophonte
759 3371 854 3431 Anah.
878 3370 943 3452 Vll,
965 3366 998 3448 3,
1020 3366 1074 3446 21,
1098 3370 1220 3448 Phylar-

183 3489 240 3550 cho
262 3488 402 3568 ap.·Ath.
430 3489 489 3568 lV,
523 3485 601 3568 142,
628 3491 663 3566 d,
697 3488 843 3550 Pausania
868 3488 909 3566 V,
943 3482 999 3568 12,
1026 3482 1066 3565 3,
1099 3486 1221 3548 Polluce

183 3604 236 3685 Vl,
256 3599 315 3684 83,
343 3605 470 3666 sortasse
491 3608 582 3667 etiam
603 3604 640 3666 ab
666 3604 866 3683 Aristophane
887 3604 969 3666 Eccl.
991 3599 1066 3663 744.
1087 3636 1129 3647 -
1162 3603 1220 3664 Sed

0 3718 1 3725 '
48 3749 50 3760 ⁴
182 3725 301 3816 proprie
313 3725 441 3803 τρίπους
452 3722 627 3783 dicebantur
643 3726 704 3783 tres
716 3722 807 3801 pedes
820 3723 981 3797 coniuncti,
995 3720 1102 3798 quibus
1114 3739 1222 3782 aenum

183 3843 396 3920 imponeretur,
419 3844 453 3900 ut
475 3841 543 3916 igue
564 3842 721 3920 supposito
740 3841 802 3900 sive
824 3857 900 3918 aqua
921 3841 983 3900 sive
1002 3839 1082 3900 aliud
1105 3841 1222 3918 quidvis

181 3956 333 4017 calefieret
354 3962 406 4017 aut
428 3961 616 4035 coqueretur.
649 3957 710 4020 Nec
724 3959 816 4036 pedes
830 3953 956 4040 tantum,
979 3959 1030 4019 sed
1047 3959 1222 4036 plerumque

183 4074 273 4151 pedes
289 4093 360 4152 ,uuo
382 4091 451 4134 cum
472 4092 547 4134 aeno
570 4077 709 4154 imposito
733 4079 827 4153 tripus
849 4077 967 4136 dicitur.
1023 4075 1096 4134 lnde
1118 4073 1219 4154 riparu-
