2888 4576
652 235 656 244 '
732 227 797 296 lm

336 435 443 498 Omnis
463 436 502 498 ah
523 434 621 498 intuso
642 440 818 496 numeretur
837 435 932 496 amica
952 433 1093 512 Falerno,

373 555 413 616 Et
434 556 504 633 (prtia
526 554 607 616 nulia
628 555 719 631 venit,
741 558 776 614 tu
797 549 882 629 mihi,
904 551 1024 633 Somne,
1045 547 1128 613 reni!

248 703 396 783 cyathum
416 724 485 766 cum
517 711 632 766 cratera
665 723 722 765 non
756 704 930 776 convenire,
962 704 1081 764 videtur
1111 703 1203 763 etiam
1237 700 1282 760 ei·

248 821 297 882 iici
319 841 356 882 ex
378 823 587 883 Eratosthenis
609 823 674 884 ioco
695 822 781 894 (Δία
798 815 871 901 482,
883 819 938 894 bJ:
971 820 1087 906 κυάθῳ
1107 823 1169 902 μὲν
1188 813 1285 884 atter

248 936 382 1022 ἐχρῶντο
403 936 478 1004 οὐδὲ
497 938 622 1028 κοτύλῃ·
643 939 785 1022 κρατῆρα
804 935 868 1020 χολρ
890 943 1025 1003 ίστασαν
1046 962 1074 1002 κ.
1096 962 1122 1002 τ.
1144 939 1176 1004 λ.

333 1055 466 1136 cyathus
487 1057 537 1118 uhi
559 1075 728 1117 mensuram
750 1058 872 1134 indicat,
893 1061 940 1117 est
961 1061 1045 1117 serta
1066 1073 1135 1135 pars
1163 1053 1282 1135 cotylae,

247 1193 374 1253 eamque
405 1176 533 1235 arbitror
572 1175 722 1252 vulgarem
758 1172 850 1234 tuisse
892 1191 995 1233 eorum
1038 1173 1283 1250 magnitudinem.

248 1292 348 1368 Quum
385 1295 415 1353 in
454 1291 708 1370 splendidioribus
752 1292 893 1351 conviviis
930 1292 1063 1368 argentei
1103 1293 1205 1349 essent
1237 1293 1283 1361 (v.

248 1409 441 1471 Pherecrates
468 1414 499 1470 et
529 1409 631 1469 Alexis
664 1427 710 1486 ap.
744 1408 813 1471 Ath.
840 1401 921 1487 424,
954 1407 983 1485 h,
1016 1412 1048 1468 et
1073 1402 1204 1484 δολί)
1235 1403 1284 1465 rei

248 1528 337 1587 etiam
358 1528 453 1602 aurei,
476 1528 613 1606 gemmei,
636 1525 781 1586 murrhini
814 1525 929 1602 (quales
958 1525 1054 1585 truiiae
1082 1543 1129 1602 ap.
1152 1522 1284 1585 iuvenai.

247 1638 405 1723 iit‚108;
435 1642 496 1705 Cic.
523 1645 610 1708 Verr.
632 1644 688 1722 lv,
720 1639 778 1720 273
810 1641 884 1704 Piin.
906 1641 1040 1721 xxxii,
1062 1637 1094 1717 7,
1116 1637 1184 1718 λθ),
1217 1646 1282 1702 tum

250 1761 337 1838 vulgo
359 1779 395 1821 ex
416 1780 475 1822 aere
497 1767 593 1840 erant,
615 1768 649 1821 ut
666 1761 846 1839 Hermippus
858 1777 906 1837 ap.
919 1759 994 1821 Poll.
1007 1760 1046 1838 X,
1060 1754 1123 1818 122
1139 1777 1192 1820 eos
1204 1761 1284 1819 inter

249 1879 523 1958 χαλκίαοοοιίοοί.
566 1879 660 1938 Αεοεί
684 1877 813 1957 inerunt,
838 1895 914 1955 quos
936 1877 1094 1938 caieiaetos
1116 1876 1283 1954 sugillatio·

250 1997 337 2054 nibus
359 1994 547 2074 imponebant
569 1995 706 2056 medendi
739 2013 845 2075 causa3
877 1997 914 2055 de
947 2013 1007 2073 quo
1029 1995 1166 2056 rideatur
1186 1991 1283 2053 schol.

248 2112 285 2171 ad
297 2114 347 2172 Ar.
358 2112 427 2173 Pae.
448 2107 528 2176 542:
549 2107 796 2195 ὑπωπιασμέναι
817 2116 871 2176 καὶ
892 2111 1029 2188 κυάθοις
1045 2114 1285 2194 προσκείμεναι.

248 2228 292 2293 Ci.
315 2230 441 2310 Lysistr.
461 2227 541 2294 444:

333 2382 364 2445 εί
384 2381 468 2466 τᾶρα
489 2378 528 2466 νὴ
549 2379 605 2467 τὴν
629 2381 808 2464 Φωσφόρον
828 2377 884 2465 τὴν
901 2375 978 2463 χείρ’
998 2379 1109 2462 expavi

333 2498 429 2590 ταύτῃ
450 2503 640 2581 προσοίσεις,
662 2499 791 2564 κύαθον
813 2499 948 2586 αἰτήσεις
970 2499 1061 2580 τάχα·

249 2671 280 2728 et
307 2666 443 2744 Euripid.
467 2683 514 2745 ap.
541 2667 615 2727 Poii.
638 2668 681 2747 Χ,
709 2662 788 2736 108:
824 2667 844 2751 ἢ
878 2666 1048 2750 κύαθονῆ
1080 2665 1288 2750 χαλκήλατον

248 2779 360 2867 ἠθμόν
380 2787 560 2865 προσίσχων
584 2784 687 2849 τοῖσδε
708 2795 772 2861 τοῖς
791 2779 958 2861 ὑπωπίοις.

333 2900 468 2978 Speciem
491 2901 590 2981 cyathi
619 2922 776 2965 concavam
802 2903 893 2988 ⁸longo
925 2902 1079 2964 manubrio
1108 2904 1287 2963 instructam

249 3022 330 3078 recte
362 3013 494 3079 ostendit
525 3018 655 3080 Panoika
689 3021 741 3094 (u.
764 3021 830 3099 vlt,
852 3016 890 3096 5)
923 3023 953 3080 in
986 3039 1056 3081 vase
1090 3023 1213 3101 pintam3
1247 3019 1287 3082 oi.

234 3111 368 3196 ‘flerem
397 3140 427 3196 et
456 3133 563 3213 Pomp.
597 3135 655 3216 vi,
687 3131 740 3200 93.
794 3137 859 3198 Non
888 3139 974 3216 pauci
996 3139 1081 3198 aenei
1113 3137 1214 3216 cyathi
1248 3137 1287 3198 ad

251 3257 383 3312 nostrum
406 3257 522 3331 tempus
543 3260 752 3333 pervenerunt,
774 3275 801 3317 r.
814 3256 938 3316 Beckeri
960 3254 1034 3318 Gaii.
1057 3255 1117 3318 tah.
1140 3250 1172 3332 4,
1195 3251 1287 3314 Παλ

250 3373 281 3428 ct
295 3363 326 3430 8.
370 3368 403 3429 lu
426 3370 473 3430 his
496 3372 629 3431 videmus
652 3389 753 3434 ausam
776 3373 811 3433 ad
833 3373 1078 3451 perpendiculum
1094 3374 1288 3450 pendentem,

249 3488 300 3548 ssd
324 3505 361 3548 ne
383 3506 417 3548 ea
440 3490 558 3567 quidem
580 3491 717 3565 vascula,
752 3507 878 3568 quorum
911 3509 982 3551 ansa
1015 3492 1144 3568 aequoris
1175 3490 1288 3550 tineam

115 3615 128 3646 ν
249 3607 395 3685 sequitur,
418 3606 521 3684 quales
543 3624 614 3668 usus
636 3608 686 3667 iiie
708 3610 738 3667 in
760 3607 995 3684 saginationibus
1007 3609 1144 3685 flagitare
1156 3607 1290 3680 videtur,

249 3722 422 3794 cyathorum
446 3725 564 3782 nornine
586 3727 770 3802 privaverim.
813 3725 899 3786 Tales
920 3743 949 3788 v.
972 3727 1000 3784 in
1026 3724 1113 3786 Hero.
1136 3729 1168 3785 et
1180 3722 1289 3802 Pomp.

251 3832 300 3909 tt,
321 3831 372 3897 68.

335 3953 420 4028 Apud
444 3953 617 4015 hthonaeum
640 3957 695 4036 XI,
716 3954 790 4036 480,
813 3961 840 4020 h.
862 3961 1002 4038 legimus:
1032 3961 1160 4034 renen
1192 3980 1292 4023 cora-
