2888 4576
734 271 797 336 166

649 360 879 372 *una-

249 481 305 550 cirr'
325 480 463 566 α’γκύλης
490 499 558 542 cum
586 481 724 542 utrumme
753 476 988 549 coniunxerunt,
1026 493 1084 535 non
1115 493 1183 538 eum
1212 479 1284 558 ἵησι,

248 601 360 664 lactum
381 608 440 679 est,
462 604 496 660 ut
518 595 700 677 grammatici
723 593 844 672 quidam
869 593 968 672 poculi
1002 611 1096 671 genus
1118 597 1286 656 statuerent

248 717 304 805 τὴν
325 715 475 802 ἆγκύλην,
504 707 720 790 41111667,
744 729 769 774 c.
823 710 1008 791 Propagatus
1040 718 1087 773 est
1119 712 1169 773 hic
1201 728 1284 772 error

248 857 304 917 per
324 837 474 898 Pollucem
497 833 548 913 vl,
569 828 623 911 95,
645 849 700 911 per
721 828 915 909 Hesychium‚
945 831 1016 908 quin
1041 848 1094 909 per
1108 829 1284 890 Athenaeum

250 959 357 1035 ipsum,
380 955 432 1033 qui
454 951 609 1013 undecimo
630 950 705 1010 libro
728 965 864 1009 vasorum
877 949 995 1009 nomina
1008 949 1202 1032 conquirenti
1219 949 1285 1008 stu·

251 1073 353 1133 diosus
375 1067 515 1154 ἀγκύλην
550 1069 624 1129 dicit
657 1086 724 1128 esse
746 1064 904 1155 ποτήριονΙ
919 1065 1001 1147 πρός
1033 1062 1089 1150 τὴν
1122 1065 1184 1129 aar
1210 1086 1283 1128 recu*

251 1187 358 1272 τάβων
379 1183 518 1253 παιδιὰν
534 1185 698 1272 χρήσιμον.

682 1485 712 1551 7.
753 1485 849 1568 Ὀξίς
869 1559 871 1570 Ι

252 1733 268 1774 a
291 1713 411 1774 Polluce
432 1713 484 1791 vi,
505 1705 549 1773 85
570 1681 692 1789 pouitur
713 1711 792 1770 inter
813 1689 1068 1770 condimentorum
1096 1726 1182 1789 vasa,
1212 1708 1286 1768 dici-

251 1836 360 1909 turque
382 1830 411 1891 id
434 1847 511 1904 esse,
535 1830 564 1888 iu
588 1844 648 1905 quo
680 1832 797 1889 acetum
830 1828 910 1892 insit.
960 1825 1040 1886 idem
1074 1827 1163 1887 tradit
1191 1825 1284 1888 schol.

251 1935 303 2009 Ar.
324 1946 382 2025 Eq.
406 1939 490 2006 1304
511 1951 541 2008 et
563 1944 642 2008 Plut.
663 1939 737 2007 812
781 1942 979 2007 Confirmatur
999 1946 1088 2014 etiam
1107 1945 1284 2025 scriptorum

251 2065 336 2140 lucie,
358 2070 392 2125 ut
404 2064 516 2142 Diphili
539 2063 635 2142 iuap.
648 2063 718 2123 Aah.
732 2058 835 2139 11,67,
848 2063 882 2141 d;
904 2063 996 2124 Arist.
1020 2061 1096 2123 Rau.
1119 2057 1212 2136 1440,
1236 2059 1285 2122 ubi

250 2166 410 2261 Euripides
432 2182 555 2243 consilia
575 2164 768 2256 inventurue,
801 2178 911 2258 quibus
940 2179 1152 2256 rempublicam
1177 2183 1285 2256 servet,

252 2300 367 2380 suadet,
390 2303 425 2361 ut
444 2303 562 2360 acetum
583 2299 613 2356 in
636 2297 766 2357 hostium
788 2297 890 2358 oculos
912 2301 1068 2376 spargant:

380 2450 422 2514 Εἰ
440 2457 638 2532 ναυμαχοῖεν
659 2442 727 2528 κᾷτ’
746 2444 869 2528 ἔχοντες
890 2427 1001 2526 ὀξίδας

380 2566 525 2648 parcetur
546 2565 579 2643 ἐς
599 2570 640 2629 τα
660 2567 812 2650 βλέφαρα
833 2570 896 2630 miv
917 2564 1078 2631 ἐναντίαν.

253 2719 309 2780 llic
330 2708 415 2781 lucus
442 2719 592 2799 duplicem
614 2721 732 2797 peperit
753 2736 885 2779 errorem
906 2715 1064 2798 Hesychii,
1094 2719 1145 2796 qui
1174 2722 1204 2778 et
1232 2735 1287 2798 np-

253 2838 425 2899 miuatirum
447 2839 531 2916 ponit
551 2833 671 2914 ὄξίδαι,
704 2840 734 2897 et
766 2837 978 2915 interpretatur
1010 2833 1148 2915 λαγύνια
1178 2834 1286 2918 μικρά.

212 2958 214 2962 ’
252 2953 366 3016 Maiore
387 2953 445 3016 fide
467 2957 575 3034 (lignus
606 2955 723 3015 videtur
755 2955 850 3017 schol.
871 2955 922 3015 Ar.
946 2955 1001 3032 Eq.
1028 2949 1112 3014 1304
1139 2955 1286 3032 interpre-

212 3118 215 3124 .
252 3071 332 3135 tane:
355 3072 558 3155 ἅκαλοῦμειῑ
580 3067 751 3154 tantuma·
791 3073 862 3150 quid
896 3073 973 3133 inter
1005 3076 1166 3150 utrumque
1192 3089 1286 3149 genus

252 3189 430 3268 interfuerit,
456 3208 510 3250 nos
537 3190 696 3250 decernere
730 3207 787 3249 nou
820 3207 995 3268 possumus,
1029 3207 1097 3250 uam
1130 3191 1287 3250 temeraria

71 3357 74 3363 .
146 3379 148 3383 .
252 3305 423 3386 conjectura
445 3311 491 3368 est
519 3307 612 3368 schol.
635 3305 715 3369 Plut.
735 3299 810 3386 812,
833 3308 912 3386 quod
928 3309 1000 3369 dicit
1015 3306 1177 3386 appellatae
1191 3301 1286 3388 παρὰ

253 3419 288 3487 τὸ
309 3423 355 3500 εἷς
376 3420 431 3503 rili)
451 3425 572 3510 λήγειν.
1083 3519 1084 3522 ¹

336 3542 425 3604 Extat
446 3543 509 3604 haee
530 3562 586 3604 vox
608 3547 716 3623 praeter
742 3561 793 3604 eos
826 3544 925 3623 loeus,
959 3561 1033 3621 quos
1056 3544 1221 3622 citavimus,
1257 3543 1286 3602 iu

250 3659 301 3720 Ar.
325 3657 402 3724 Plut.
424 3655 488 3722 812
509 3667 541 3721 et
561 3661 590 3720 in
613 3661 664 3724 lrr.
691 3660 903 3724 Nicostrati‘et
925 3661 1045 3741 Sopatri
1071 3679 1117 3739 ap.
1141 3659 1210 3722 Aah.
1234 3658 1287 3736 Vl,

250 3756 376 3855 mu,
398 3797 425 3839 e.
476 3776 571 3840 Parva
599 3780 717 3841 vascula
749 3780 886 3857 luerunt,
920 3785 950 3841 et
983 3777 1142 3856 singularis
1169 3777 1289 3838 videtur
1422 3805 1423 3814 ¹

252 3894 422 3970 magnitudo
457 3896 552 3956 aomri
586 3898 615 3956 iu
651 3897 761 3976 Diphili
795 3896 830 3960 ir.
853 3892 906 3974 67,
929 3897 964 3972 d,
994 3896 1073 3974 quod
1099 3893 1285 3956 acetabulum

251 4009 400 4068 heminam
423 4013 545 4088 ceperit.
591 4012 739 4091 Principio
762 4033 797 4074 ex
816 4014 919 4092 argilla
941 4013 1068 4088 fiebant,
1091 4031 1119 4072 v.
1149 4012 1222 4073 Poll.
1244 4011 1285 4088 X,

254 4121 329 4206 1223
352 4125 451 4191 Schol.
475 4111 499 4190 lJ
518 4129 538 4191 l.
562 4130 648 4188 etad
672 4129 746 4190 ltan.
774 4126 871 4194 144οτ
894 4127 998 4210 ὀξίδες
1019 4129 1156 4214 κεράμια
1177 4128 1284 4212 μικραί,
1416 4108 1420 4121 ¹
