2888 4576
731 199 794 264 132

654 286 882 300 *m

246 415 342 487 erent,
375 426 403 468 v.
427 407 504 468 Ptin.
528 405 565 468 Η.
588 403 624 466 N.
646 403 791 485 xxxuc
814 403 845 467 S.
868 399 920 468 55.
971 403 1077 466 Nobile
1099 405 1178 486 htyis
1199 425 1287 486 opus,

247 527 328 606 quod
356 524 482 588 hahebat
506 525 626 586 Troiam
652 527 768 602 captam
794 521 943 603 celatam,
976 529 1225 586 commemoratur
1250 525 1288 588 ah

247 645 391 706 Atheneo
412 643 467 724 xl,
489 637 563 721 782,
583 642 612 702 h.
656 639 753 702 Etiam
775 639 812 703 ad
835 659 889 702 nos
911 642 1044 720 pervenit
1066 640 1165 702 nobile
1187 661 1287 704 exem·-

250 761 329 840 pium
357 761 519 823 Herculani
548 760 716 836 inventum,
749 758 779 819 in
807 777 867 838 quo
899 759 1012 835 caeteta
1041 759 1287 840 catapotheosie

248 879 382 955 Homeri,
404 897 433 944 v.
455 878 607 956 Mittingen
631 875 725 940 Uned.
745 875 828 937 Mon.
850 876 888 955 u,
912 872 960 938 13.

334 996 394 1060 Cur
415 1003 515 1060 autem
537 997 616 1058 hunc
637 995 782 1074 scyphum
804 995 951 1074 appellere
973 996 1110 1076 audeam,
1133 1014 1168 1059 ea
1190 997 1284 1075 prima

248 1133 337 1178 causa
359 1121 422 1196 cst,
456 1116 536 1194 quod
558 1115 677 1175 celatus
700 1118 763 1192 est3
796 1115 994 1193 nequeenim
1016 1115 1073 1176 atie
1094 1112 1157 1176 iere
1179 1115 1285 1193 pocula

248 1232 932 1311 euictacommemorenturpruterscyphoset
949 1231 1120 1312 phiatas*].
1164 1233 1283 1294 Etenim

248 1356 386 1414 accuratu
407 1351 589 1431 scyphorum
610 1351 771 1429 descriptio
798 1351 835 1412 ad
861 1367 916 1412 nos
939 1351 1019 1412 nulla
1042 1352 1194 1433 pervenit,
1228 1369 1284 1413 nec

249 1477 347 1532 tamen
370 1471 437 1532 ideo
459 1469 511 1532 fati
534 1468 677 1548 iniquitas
698 1471 863 1532 accusanda
884 1473 941 1549 est,
965 1468 1174 1548 quasiohenm
1187 1469 1282 1548 ipsam

249 1605 378 1665 caueam,
402 1589 480 1666 quod
492 1590 682 1666 antiquorum
697 1605 794 1666 nemo,
817 1587 920 1666 quales
942 1588 1045 1667 scyphi
1062 1591 1173 1668 esseut,
1197 1589 1282 1666 igno·

249 1709 338 1783 roret,
362 1705 446 1766 nohis
468 1724 585 1768 omnem
611 1707 744 1766 notitiam
766 1707 921 1784 eripuerit.
967 1705 1072 1768 Potius
1090 1707 1188 1766 omnia
1210 1725 1283 1768 con-

247 1824 390 1903 quirenda
413 1828 492 1900 eunt,
516 1842 583 1902 qum
597 1823 626 1883 iu
638 1823 768 1902 antiquis
780 1825 979 1886 monumentis
990 1828 1135 1904 apparent
1145 1825 1281 1904 vestigia,

247 1941 479 2020 contuebimur,
513 1946 546 2003 ut
566 1943 688 2020 opinor,
717 1943 816 2003 omnia
838 1943 943 2002 eodem
964 1947 1110 2020 spectare.
1154 1941 1230 2004 Nam
1251 1947 1283 2004 et

246 2059 423 2139 etymologia
445 2078 495 2120 vas
516 2077 620 2121 cavum
642 2061 767 2136 indicat,
801 2066 833 2120 ct
865 2059 943 2121 idem
964 2059 1092 2122 eisrctiur
1113 2080 1149 2122 er
1171 2061 1281 2123 Athen.

161 2195 171 2210 ·
246 2173 321 2257 499,
344 2189 376 2239 e:
411 2179 529 2264 σκύφος
556 2174 623 2243 cirni
651 2180 705 2263 τῆς
734 2175 904 2262 σκαφίδος·
943 2181 999 2240 καὶ
1023 2180 1112 2243 τούτο
1139 2173 1172 2241 d'
1199 2176 1283 2244 ἐστὶν

247 2291 363 2378 ὁμοίως
385 2291 517 2376 α’γγοῐον
537 2296 664 2375 ξύλινον
685 2295 887 2380 στρογγύλον,
908 2300 940 2358 et
961 2315 998 2358 ex
1019 2297 1075 2378 iis,
1107 2315 1175 2376 qun
1203 2298 1282 2358 idcm

206 2477 209 2484 ,
246 2411 326 2493 495,
347 2431 375 2477 ο.
399 2416 436 2475 de
469 2416 595 2478 mulctra
628 2415 733 2476 trudit:
772 2413 886 2478 Πέλλα
923 2409 1056 2495 ἄγγελον
1087 2414 1282 2500 σκυφοειδές,

246 2535 401 2614 πυθμένα
422 2530 496 2614 ἔχον
516 2531 723 2616 πλατύτερον.
766 2533 915 2613 Imprimis
941 2538 1041 2595 autem
1069 2553 1106 2595 eo
1134 2536 1282 2613 iocamur,

247 2651 326 2729 quod
344 2650 485 2712 Herculis
506 2653 659 2731 proprium
680 2652 771 2714 inisse
792 2652 938 2733 scyphum
967 2653 1119 2733 novimus3
1153 2654 1233 2732 quod
1254 2655 1281 2715 si

246 2787 304 2828 nnn
328 2787 509 2848 semper-
531 2787 599 2831 nam
622 2789 648 2831 v.
671 2789 697 2833 c.
722 2771 751 2830 iu
773 2788 864 2832 aurea
889 2776 991 2850 patera
1020 2789 1067 2850 ep.
1089 2770 1194 2834 Mittin.
1216 2770 1280 2832 Mo·

249 2905 329 2950 nuru.
351 2885 377 2965 Ι,
388 2883 427 2948 21
452 2889 626 2950 cantharum
648 2891 725 2967 gerit
736 2888 880 2952 Hercules
903 2889 1098 2951 cumBaccho
1120 2889 1224 2951 hihene
1240 2919 1281 2936 -

246 3011 277 3067 at
299 3007 328 3066 in
351 3005 439 3084 longe
460 3007 597 3085 piurimis
619 3009 691 3068 artis
720 3009 920 3070 monumentis
941 3007 1129 3070 observatum
1152 3009 1280 3068 videtur.

247 3123 405 3202 Spectatur
434 3126 464 3185 in
492 3142 582 3186 manu
603 3123 741 3186 Herculis
770 3125 829 3186 tale
855 3143 907 3187 rae
928 3143 1044 3188 cavum·
1062 3129 1126 3187 sine
1156 3127 1231 3205 pede
1252 3132 1284 3187 et

248 3244 329 3302 ansis
357 3243 387 3301 in
408 3241 487 3303 Mus.
510 3240 578 3304 Pei.
603 3243 638 3323 V,
662 3237 717 3324 143
751 3243 841 3322 Zoeg.
863 3245 994 3307 hassiril.
1016 3241 1069 3325 70,
1097 3249 1127 3306 et
1154 3245 1284 3322 ingentis

246 3360 459 3440 magnitudinis
480 3359 550 3420 ibid.
571 3357 631 3439 693
654 3361 742 3422 Herc.
765 3368 797 3423 et
818 3361 920 3442 Pomp.
945 3363 981 3440 V,
1005 3358 1054 3425 19.
1098 3362 1157 3424 Atii
1179 3362 1284 3442 scyphi

312 3661 406 3728 digito,
436 3662 462 3711 in
482 3674 584 3712 summa
602 3664 688 3724 pocnii
707 3679 749 3715 orn
769 3673 875 3727 ponatur
892 3671 1019 3716 extremus
1037 3666 1133 3728 putten,
1159 3671 1286 3726 quatenus

314 3759 399 3808 ungue
417 3753 499 3797 tectus
515 3748 558 3798 sit.
593 3747 881 3815 Eamquesententiam‚
899 3751 1055 3801 ehoechhio
1074 3751 1100 3800 in
1120 3750 1207 3800 indica
1226 3749 1284 3800 tect.

316 3828 451 3878 1831—32
478 3832 583 3882 metiore
614 3833 735 3897 edoctus,
766 3841 851 3884 tamen
879 3847 929 3884 non
957 3846 1063 3896 prorsus
1090 3833 1286 3896 imprnhuhitem

314 3918 385 3974 putat
402 3915 428 3962 in
447 3915 534 3964 Uitim.
553 3916 611 3968 liic.
630 3930 655 3978 p.
680 3917 737 3982 iss,
756 3925 806 3969 not.
826 3933 849 3968 e.

270 3996 297 4056 *i
316 3995 413 4046 Turnen
432 3997 557 4047 Thertctie
581 4006 640 4047 sunt
663 4014 704 4062 ap.
725 4001 777 4054 Cic.
797 4003 866 4052 Verr.
886 4003 930 4066 Ν,
952 4003 996 4066 {83
1023 4003 1079 4065 aare
1101 4016 1142 4064 ap.
1160 4001 1220 4053 Am.
1240 3999 1286 4064 Vi,

308 4080 370 4145 229,
389 4093 413 4129 e.
