2888 4576
621 203 737 282 .97‘

158 419 306 482 Arehaeol.
329 413 437 496 §362
458 387 518 480 not
539 413 576 498 23
609 418 750 480 Petersen
779 419 818 480 de
845 421 961 500 tripode
989 421 1132 502 [telphieo
1165 427 1195 486 in

160 535 324 599 Comment.
346 539 499 599 societatis
521 539 713 614 scientiarum
725 537 993 612 Danieevol.lV).

243 656 373 734 Repente
400 661 473 717 sunt
497 655 599 716 fictilia
625 657 760 734 quedam
781 674 851 717 vase
871 658 901 716 in
923 656 1053 718 lebetum
1074 659 1195 720 modum

159 775 298 852 rotunda,
333 774 428 834 tribus
457 773 644 834 adminiculis
676 772 761 849 tulta,
794 791 861 850 quae
888 778 919 834 et
940 777 1056 852 speeies
1079 778 1143 853 ipsa
1164 782 1196 838 et

159 893 244 969 nigra
266 893 415 953 interdum
438 891 530 968 fuligo
553 891 700 951 destinata
723 890 815 951 luisse
843 896 1005 970 monstrat,
1038 911 1105 971 quae
1133 895 1193 972 igni

157 1011 381 1088 imponerentur
408 1013 451 1082 (v.
481 1007 552 1071 Pan.
581 1007 674 1069 liech.
696 1005 756 1084 ΙΙΙ,
783 1003 841 1084 563
870 1007 960 1070 Gerh.
982 1010 1058 1088 Rap.
1082 1030 1110 1072 n.
1131 1007 1193 1093 453

156 1123 350 1204 Stackelber'g
372 1125 484 1187 Grdber
506 1126 535 1189 d.
559 1125 597 1188 ΙΙ.
619 1125 678 1187 tab.
703 1120 769 1205 15).
824 1125 895 1186 ileo
916 1128 942 1188 si
965 1129 1032 1204 quis
1062 1130 1192 1208 tripedes

155 1243 269 1304 lebetes
289 1244 499 1324 appellaverit,
526 1260 583 1304 non
607 1243 786 1322 repugnabo.
827 1242 888 1304 Alii
910 1248 1023 1322 reperti
1045 1252 1116 1308 sunt
1138 1251 1193 1310 tri·

155 1361 248 1440 podes
271 1363 409 1439 maiores,
432 1381 468 1422 er
490 1379 548 1422 rere
569 1360 640 1422 laeti
661 1377 767 1436 magne
789 1377 858 1422 eum
880 1367 954 1441 arte,
976 1381 1053 1441 quos
1068 1364 1192 1443 Delphi·

157 1497 210 1540 eos
231 1479 451 1557 appellaverim.
483 1478 642 1558 Exemplar
663 1477 828 1556 Metaponti
851 1480 1003 1540 inventum
1025 1499 1051 1542 v.
1074 1484 1104 1542 in
1119 1481 1191 1548 cab.

157 1596 313 1670 Ponrtales
335 1597 395 1658 tab.
419 1591 471 1660 13.
514 1597 600 1658 Alter
622 1595 819 1674 Pompeianus
844 1596 951 1668 (llere.
972 1603 1002 1660 et
1023 1598 1126 1678 Pomp.
1139 1601 1191 1676 Vl,

153 1713 216 1791 90]
240 1715 480 1795 noneireulum,
514 1713 568 1774 sed
595 1719 678 1775 reeta
704 1718 834 1775 transtra
862 1733 990 1794 superne
1017 1715 1123 1788 habet.
1157 1723 1191 1780 ut

155 1851 213 1893 non
236 1835 271 1894 ad
294 1849 402 1894 aenum
431 1831 651 1910 recipiendum,
684 1832 749 1894 sed.
764 1832 800 1893 ad
828 1832 952 1896 abaeum
979 1835 1190 1914 imponendum

154 1950 246 2011 luerit
267 1950 442 2010 destinatus·
498 1948 574 2010 Nam
602 1967 693 2028 quum
721 1948 793 2012 illud
821 1968 915 2027 genus
936 1971 973 2011 ex
995 1953 1108 2031 vulgari
1130 1957 1190 2016 vite

154 2068 366 2148 obsolevisset,
387 2068 437 2129 hie
458 2085 627 2129 mensarum
650 2083 722 2126 usus
745 2070 923 2144 permansit,
948 2069 985 2128 de
1006 2088 1067 2146 quo
1088 2072 1190 2132 videa-

154 2190 205 2246 tur
226 2187 371 2265 imprimis
394 2186 499 2247 l’ollnx
520 2186 568 2264 X,
588 2179 647 2265 813
681 2184 814 2263 talesque
841 2186 996 2266 videntur,
1031 2191 1105 2266 qnae
1126 2188 1188 2248 Ro·

154 2305 234 2364 mani
255 2303 413 2381 Delphicas
435 2322 552 2365 mensas
573 2303 771 2382 appellabant,
805 2308 839 2364 ut
860 2323 1033 2366 marmoree
1055 2324 1102 2385 ap.
1125 2305 1187 2370 (lie.

154 2420 241 2481 Verr.
262 2416 379 2500 iv‚5e‚
393 2417 464 2502 131,
487 2439 587 2482 aeneae
600 2423 639 2482 in
662 2423 857 2500 inscriptione
878 2440 924 2502 ap.
946 2421 1031 2486 Grnt.
1053 2443 1082 2503 p.
1096 2420 1187 2486 1115.

508 2617 540 2682 4.
581 2622 827 2705 Χυτρόπους.

237 2773 276 2836 Ut
288 2792 406 2850 aenam,
429 2771 479 2832 ubi
502 2773 563 2850 igni
585 2775 801 2836 admovendum
822 2779 899 2849 eret,
922 2776 1031 2854 tripodi
1054 2779 1187 2857 impone-

151 2891 249 2968 batur,
272 2893 313 2952 ita
335 2892 402 2952 ollae
424 2893 515 2952 etiam
536 2893 626 2952 simili
641 2895 838 2953 instrumento
852 2911 942 2971 supra
956 2896 1053 2972 ignem
1067 2904 1186 2958 susten-

154 3008 302 3076 tabantur.
345 2989 434 3102 Talis⁴
448 3010 622 3092 χυτρόπους
648 3013 706 3072 ie'm
728 3009 765 3071 ab
786 3010 917 3072 Hesiodo
939 3018 1186 3075 commemoratur

153 3125 213 3206 Op.
231 3123 310 3191 748:

235 3241 312 3328 μηδ’
332 3241 399 3310 α’πὸ
419 3245 621 3328 χυτροπόδων
643 3239 877 3328 α’νὼηρρέκτων
898 3242 1058 3314 deridere

237 3361 352 3429 ἔσθειν
370 3361 451 3446 μηδὲ
471 3362 621 3427 λόεσθαι·
648 3361 719 3426 ἐπεὶ
739 3367 794 3426 καὶ
815 3375 879 3440 τοῖς
899 3363 949 3430 ἔνι
967 3370 1073 3448 ποίνη,

152 3479 204 3540 nbi
238 3485 324 3559 poeta
359 3483 510 3562 precipit,
544 3500 618 3542 neve
636 3480 728 3542 oibus
755 3486 916 3559 coquatur,
951 3501 1024 3544 neve
1045 3502 1122 3563 aqua
1147 3485 1183 3548 nd

150 3597 307 3659 lavandum
329 3598 445 3660 calefiat
466 3595 497 3660 in
519 3598 627 3677 ioculo,
650 3617 709 3676 qvvo
731 3615 789 3657 non
812 3601 896 3677 prius
917 3600 954 3659 ad
976 3600 1105 3684 divinam
1121 3619 1184 3662 rem

151 3715 213 3774 sint
226 3717 283 3776 usi.
316 3716 390 3777 Erat
410 3717 469 3778 hoo
491 3735 597 3778 nomen
610 3718 698 3776 etiam
714 3714 904 3776 interioribus
915 3717 1098 3795 temporibus
1120 3719 1185 3780 vul·

149 3833 352 3912 gatissimum,
385 3840 419 3896 ut
445 3837 522 3894 inter
549 3835 606 3896 alia
628 3835 735 3896 docent
755 3834 812 3893 looi
835 3832 964 3894 Pollucis
986 3835 1034 3914 X,
1062 3832 1121 3919 99,
1154 3842 1185 3899 et

148 3949 263 4011 Scholl.
285 3953 323 4012 ad
346 3952 397 4013 Ar.
419 3950 488 4014 Pae.
509 3947 592 4030 893,
613 3952 670 4014 Av.
692 3947 772 4025 436,
802 3949 880 4014 Plut.
902 3947 982 4035 815,
1006 3953 1079 4018 lien.
1101 3951 1183 4034 5063

149 4085 330 4146 quamquam
353 4071 383 4128 in
405 4069 462 4130 hoe
484 4058 549 4131 loeo
572 4069 766 4149 interpolator
789 4073 979 4150 antiquorum
1001 4072 1182 4133 scholiorum

967 4189 983 4237 7
