2888 4576
567 244 871 346 ..E-f

30 512 33 516 .
158 451 294 533 βήτριαν
316 449 438 511 indicari
462 436 561 529 putat
576 449 802 512 similitudinem
823 451 921 531 poculi
937 469 1010 514 com
1031 452 1197 534 clepsydra,

158 567 212 628 “in
234 585 325 647 quam
346 567 468 628 demissi
490 566 596 628 calculi
618 567 772 629 iudiciales
792 572 931 646 argutum
956 587 1063 632 sonum
1083 571 1197 634 efficic-

159 683 260 748 haut.”
303 685 349 746 λιι
372 684 503 746 calculos
524 688 610 764 putat
632 687 662 746 in
685 685 870 765 clepsydram
891 686 1037 749 demissos
1059 687 1174 752 luisse?
1251 675 1256 680 ¹

240 797 498 876 Ἠδυπυτίδες
518 801 705 862 Rhodiorum
728 803 840 864 similes
852 803 983 866 luerunt.
1017 805 1195 886 Numquam

157 923 249 982 etiam
270 919 379 981 Rhodii
407 921 514 998 insigni
536 919 630 998 figlini
651 922 752 1000 operis
774 920 862 982 laude
883 921 1043 1000 florerent,
1078 924 1116 984 de
1136 939 1194 1002 qua

158 1037 308 1098 videndus
334 1039 480 1116 imprimis
512 1037 583 1100 Ath.
605 1035 661 1119 xl,
684 1032 764 1119 464,
794 1057 827 1118 υ,
844 1023 909 1100 ¹eos
938 1044 1038 1101 narrat
1059 1039 1195 1119 Lynceus

157 1152 278 1218 Samius
300 1150 386 1233 (469,
399 1155 433 1228 b)
455 1155 682 1216 Atheniensium
704 1156 826 1216 aemulos
848 1175 902 1236 pro
923 1155 1080 1219 Thericliis
1103 1157 1194 1220 labri-

157 1277 241 1334 catos
262 1291 328 1334 esse
345 1274 429 1346 ‚aliud
452 1291 546 1351 genus
578 1273 690 1351 simile,
724 1276 765 1334 ita
795 1279 828 1335 ut
848 1293 942 1353 quum
974 1273 1041 1354 illa,
1073 1283 1195 1356 propter

156 1391 297 1470 ponderis
318 1393 494 1469 gravitatem
517 1392 604 1452 nimis
626 1393 768 1470 pretiosa,
797 1395 911 1453 tantum
933 1393 1058 1454 divitum
1080 1399 1192 1472 essent,

12 1499 22 1515 '
58 1595 61 1598 Ι
157 1507 238 1589 hec,
261 1513 363 1593 utpote
386 1511 467 1571 teuui
489 1527 580 1588 opera
602 1513 701 1585 duom,
732 1511 822 1570 etiam
853 1509 999 1589 pauperes
1021 1529 1194 1589 comparare

158 1631 288 1704 possent.
323 1626 498 1705 Fragmenta
520 1627 656 1706 quedam
678 1629 869 1706 antiquorum
886 1627 1131 1690 citaththcnaeus
1143 1630 1161 1690 Ι.
1173 1629 1194 1692 Ι.

241 1743 361 1804 Easdem
383 1744 567 1823 simpliciter.
579 1746 665 1806 dicte
686 1749 757 1806 suut
778 1739 1004 1820 Ῥοδιακαί,
1028 1741 1195 1824 Ῥοδιακά,

151 1852 331 1938 Ῥυδιοὶδες,
352 1880 380 1924 v.
393 1861 465 1928 Poll.
488 1859 540 1937 vl,
561 1857 615 1938 96,
638 1861 780 1940 hesych,
802 1862 925 1936 Athen,
947 1863 1025 1941 apud
1047 1882 1137 1943 quern
1159 1871 1194 1932 ut

156 1995 263 2056 magua
295 1979 401 2058 pocula
433 1982 702 2040 commemorantur
733 1983 764 2039 ct
796 1981 826 2039 io
860 1981 895 2041 tr.
929 1980 1041 2060 Diphili
1063 1975 1144 2062 496,
1167 1983 1192 2044 l:

156 2105 244 2160 πιεῖν
266 2092 480 2180 δδρδτερυνῆ
506 2099 566 2162 τῶν
586 2093 753 2160 Ροδιακῶν
783 2095 804 2180 ἢ
835 2097 898 2177 σοῖν
930 2094 1045 2178 dorric,
1079 2104 1110 2160 et
1143 2101 1192 2161 nhi

156 2231 225 2276 cum
246 2214 403 2277 Thericliis
425 2218 643 2293 componuntur
664 2209 737 2290 472,
761 2215 805 2296 ομ
818 2207 894 2295 502,
917 2214 937 2276 i.
966 2214 1053 2276 Alius
1073 2219 1192 2294 generis

156 2331 288 2412 luerunt,
300 2335 427 2413 opinor,
448 2331 561 2415 σκύφοι
578 2328 745 2396 Ῥοδιακοί
763 2327 838 2412 500,
859 2333 887 2396 h.

240 2451 381 2512 Eiusdem
414 2451 533 2528 generis
563 2449 686 2511 fuerunt
722 2452 813 2512 etiam
848 2423 1119 2531 Ἀντιγονίδες
1161 2460 1193 2514 et

154 2566 406 2644 Σελευκίδες,
429 2587 532 2646 regum
555 2567 722 2630 nominihus
744 2570 909 2648 appellatae,
934 2565 964 2634 ι’.
986 2569 1057 2632 ath.
1072 2565 1148 2649 497,
1166 2569 1192 2651 i;

156 2683 232 2748 Poll.
260 2685 315 2766 Vl,
342 2683 394 2749 95.
449 2686 518 2747 lllos
548 2686 691 2748 describit
722 2692 828 2750 auctor
859 2705 931 2748 sane
963 2689 1077 2766 exiguae
1108 2687 1191 2770 fidei,

154 2802 249 2866 schol.
275 2803 435 2866 Clementis
457 2805 476 2867 l.
501 2804 538 2883 1.,
565 2806 617 2883 qni
646 2811 803 2884 postquam
830 2805 979 2868 Thericlia
1010 2823 1190 2868 commemo-

154 2921 246 2996 rarit,
274 2922 317 2981 sic
345 2924 456 3001 pergit:
487 2917 681 3002 Ἀναμδνιυς
711 2919 731 3008 ἡ
767 2921 845 2988 ἄνευ
881 2923 936 2987 τοῦ
969 2917 1190 3006 σφαιροειδυῦξ

154 3040 322 3120 πυθμένος
342 3039 388 3114 sig
406 3034 462 3118 δξδ
484 3035 698 3124 α’πολήγουσα.
752 3041 924 3109 Seleucides
950 3041 987 3101 ah
1015 3041 1189 3120 Asclepiade

154 3147 344 3234 (488‚d-i)
367 3157 508 3218 docemur
518 3161 624 3237 pedem
645 3159 1076 3238 hahuissectbinasutrinque
1092 3177 1191 3239 ansas,

124 3353 131 3366 κ
154 3291 229 3351 quos
251 3276 290 3336 ita
312 3265 518 3356 describitur
539 3278 587 3337 vix
609 3277 738 3338 dubitari
759 3279 864 3356 possit,
886 3279 959 3357 quin
982 3277 1039 3338 tale
1051 3278 1191 3356 poculum

153 3395 312 3470 spectetur¹
340 3395 369 3453 in
403 3393 491 3456 Herc.
525 3399 556 3456 et
579 3393 691 3473 Pomp.
719 3393 776 3474 tv,
805 3389 850 3454 14.
880 3389 929 3458 Ἐκ
960 3397 1048 3476 μιᾶς,
1081 3397 1189 3474 iuquit,

154 3505 255 3573 oiovel
269 3507 360 3596 ῥίζης,
377 3509 443 3594 ἥτις
460 3512 504 3598 τῷ
513 3515 657 3595 πυθμένι
678 3521 861 3595 προσκυρεῖ,
889 3507 971 3576 καθ’
986 3509 1139 3595 ἑκάτερον
1155 3510 1191 3578 ιδ

154 3621 209 3701 orig
244 3625 419 3709 διασχιδεῖς
450 3629 511 3693 εἰσι
547 3627 664 3714 ῥάβδοι
697 3625 748 3694 ἐπ’
779 3625 910 3714 α’μφοῖν,
943 3625 981 3695 οδ
1018 3627 1102 3710 πολι)
1133 3626 1192 3696 ἄπ’

154 3739 303 3837 ἀλλήλων
332 3744 497 3810 διεστῶσαι
525 3744 695 3830 διάστημα·
724 3740 819 3812 αὗται
849 3751 942 3830 μέχρι
977 3749 1034 3814 rori
1067 3749 1191 3830 χείλους

153 3860 319 3946 διήκουσαι
340 3853 395 3930 rori
413 3867 578 3949 ποτηρίου,
614 3868 669 3930 καὶ
694 3860 808 3948 μικρδν
834 3863 880 3928 ἔτι
914 3855 1189 3950 μετεωριζόμεναι,

153 3977 238 4044 uacci
254 3985 325 4064 μὲν
353 3979 409 4066 τὴν
437 3978 616 4047 ἀπόστασιν
652 3985 706 4050 τοῦ
741 3980 872 4065 α’μμείου
907 3984 1096 4070 φυλάττουσι
1134 3981 1190 4069 τὴν
1288 4007 1296 4020 “

439 4106 441 4112 ,
958 4102 989 4153 ¹⁰
1188 4103 1191 4110 ,
