2876 4580
713 215 758 282 34
817 216 832 232 .

221 427 306 493 miles,
324 425 392 488 apud
410 423 488 474 italos
506 422 546 472 liis
563 419 667 473 crateris
684 421 838 482 pepererunt
854 429 947 468 namen
965 415 1037 468 “tasl
1055 431 1070 468 a
1087 417 1259 470 eolaunette’¹.

222 527 387 585 inveniuntur
404 523 463 574 talia
480 534 540 573 iasa
558 527 583 572 et
600 534 630 573 er
647 521 703 571 rudi
721 521 783 571 artis
800 533 893 583 genere
912 525 937 570 et
953 532 983 570 er
1000 499 1102 585 Attic03
1120 520 1260 584 posteriore

221 634 335 691 tempora
363 626 490 676 interdum
519 637 548 701 ea
575 623 671 674 ratione
698 629 804 689 ornata,
833 634 910 684 quam
937 622 963 672 in
990 622 1119 686 amphoris
1148 621 1261 671 uidimus

117 717 120 724 ’
222 727 262 794 (p.
280 729 324 794 52,
350 728 392 794 a),
420 733 448 778 ut
469 739 536 778 ausu
557 737 667 789 superne
695 723 722 774 in
750 725 841 775 volutm
869 723 975 774 modum
1003 724 1116 774 lormatu
1143 723 1207 773 inira
1234 722 1261 772 in

222 843 296 882 aures
313 831 439 882 desinant.
473 827 595 891 Exempla
613 840 637 881 ι.
653 825 945 891 Panolt.neeh.i,21;
963 824 1159 887 uariandum.
1178 823 1261 887 n.·27;

223 933 315 984 uitii.
337 946 380 986 nn.
392 929 424 980 ld
442 935 467 982 et
484 930 509 980 9.
537 929 660 980 Crateras
678 940 736 978 esse
754 929 807 978 liaeo
824 940 892 993 vasa,
919 934 945 979 ot
970 927 1027 990 ipsa
1052 927 1154 990 speeies
1171 930 1261 978 osteu-

224 1037 272 1098 dit,
298 1040 324 1086 et
351 1033 412 1097 piati
438 1031 557 1084 nomines
583 1043 612 1082 er
638 1029 732 1080 talibus
754 1030 840 1080 vinum
865 1028 1009 1082 haurientes
1035 1027 1074 1094 (a.
1094 1028 1158 1079 Pau.
1181 1027 1262 1079 neon.

225 1137 271 1203 vi,
287 1135 319 1202 63
338 1133 480 1200 Pourtalds,
497 1129 553 1198 at).

310 1236 381 1288 Huic
398 1235 483 1298 generi
502 1234 615 1285 Panoilm
626 1237 651 1284 et
662 1232 807 1283 (lethardus
825 1231 884 1296 (qui
902 1234 1006 1284 uberius
1023 1231 1169 1295 opinionem
1187 1243 1261 1282 suam

226 1339 340 1390 defendit
361 1337 387 1387 in
410 1336 531 1399 Antiquls
553 1335 728 1386 monumentis
746 1328 828 1388 Berol.
847 1335 875 1402 i,
903 1349 928 1396 ii·
945 1333 1077 1401 352-56)
1102 1347 1196 1384 nomen
1213 1334 1262 1384 de·

226 1424 318 1492 derunt
339 1439 496 1505 κελέβην,
522 1441 621 1500 arrepto
640 1436 820 1498 antiquissimo
844 1444 868 1486 et
885 1437 989 1488 AEolieoe
1007 1435 1114 1498 originis
1131 1434 1262 1495 vocabulo,

226 1542 300 1593 ouius
318 1543 368 1593 vim
388 1541 467 1610 etlam
483 1538 621 1590 Athenaeus
633 1535 762 1603 (xi‚475,
773 1535 800 1603 o)
819 1550 847 1588 se
857 1537 956 1588 nescire
966 1538 1064 1591 latetur.
1101 1537 1186 1599 Quum
1204 1550 1263 1587 vern

226 1645 388 1706 antiquorum
406 1643 449 1694 alli
467 1642 516 1692 alia
534 1641 684 1702 coniectent,
710 1644 738 1689 ut
755 1639 850 1690 Suidas
868 1640 975 1703 pelvim,
998 1641 1138 1700 Dionysius
1155 1637 1264 1688 Gracilis

229 1758 363 1807 procerum
381 1744 501 1807 poculum
521 1753 588 1805 esse,
611 1753 687 1791 nemo
704 1741 735 1790 de
753 1747 847 1791 cratera
866 1739 1005 1803 quidquem
1023 1741 1141 1803 cogitavit
1147 1774 1157 1805 ,
1180 1752 1264 1801 neque

230 1849 279 1898 hoa
293 1858 351 1896 eum
366 1846 418 1896 ullo
436 1857 466 1894 er
484 1842 607 1904 usionis,
625 1843 668 1903 qui
687 1842 856 1908 proteruntur,
874 1843 999 1906 enarrenit,
1016 1842 1042 1892 ln
1060 1842 1155 1904 quilius
1171 1845 1215 1892 ani
1231 1843 1264 1892 ad

228 1948 315 1998 alnum
334 1945 519 1997 infundendum
540 1939 594 2008 (ap.
612 1942 827 2010 Anacreontem),
853 1949 897 1994 aut
918 1944 950 1994 ad
977 1955 1069 2006 aquam
1098 1942 1263 1993 hauriendam

228 2046 286 2113 (an.
304 2042 500 2110 Antimachum)
524 2044 633 2110 κελέβην
655 2050 804 2108 usurpatam
828 2045 952 2096 videmus.
991 2035 1025 2096 'sl
1046 2044 1108 2106 quid
1129 2045 1162 2095 de
1178 2042 1265 2105 ignoto

228 2147 349 2200 vocabulo
367 2147 529 2198 statuendum
549 2151 596 2204 est,
626 2152 736 2210 prestat,
758 2147 926 2209 antiquiorem
944 2152 1072 2198 auctorem
1090 2145 1173 2209 sequi,
1197 2145 1266 2196 Dio-

229 2249 339 2312 nysium.

315 2571 431 2622 Alterum
448 2582 529 2633 genus
546 2576 690 2633 sonitatum
707 2571 803 2621 rollum
823 2569 923 2633 corpori
945 2571 1094 2633 impositum
1112 2582 1163 2620 non
1182 2569 1267 2633 nabet,
1309 2567 1313 2571 '

217 2668 276 2723 'aed
295 2683 388 2734 eorpus
408 2685 459 2722 uno
476 2676 563 2722 tenore
579 2683 595 2720 a
613 2671 711 2721 minore
728 2670 826 2720 ambitu
843 2670 870 2721 ln
890 2670 966 2721 latius
980 2671 1182 2734 osseaperieue.
1217 2671 1267 2720 Vir

231 2774 355 2823 invenitur
371 2773 423 2823 nisi
440 2786 468 2824 er
487 2773 596 2835 eleganti
614 2771 699 2823 Attico
723 2777 749 2822 et
766 2785 795 2822 ei
813 2772 902 2824 italico
920 2786 1021 2835 genere.
1055 2772 1202 2838 Nonausis,
1219 2773 1266 2822 sed

230 2875 333 2924 eruribus
347 2873 451 2924 tollitur.
485 2874 541 2924 flue
559 2884 641 2936 genus
658 2874 750 2935 duplex
770 2878 821 2937 esl3
839 2886 898 2924 nam
916 2879 960 2923 aut

317 2973 346 3038 l)
364 2973 462 3037 Corpus
472 2979 582 3025 craterae
593 2986 622 3024 er
632 2980 737 3036 angusta
747 2974 831 3024 radice
841 2986 957 3038 surgens,
975 2975 1030 3037 sed,
1055 2975 1097 3023 uni
1116 2973 1179 3023 satis
1194 2974 1267 3023 intu-

231 3075 305 3138 muit,
323 3075 433 3125 eundem
451 3075 520 3125 orbis
535 3073 659 3124 ambitum
671 3075 776 3124 assidue
789 3087 900 3139 servans,
922 3074 991 3124 labro
1010 3079 1107 3125 tantum
1124 3074 1264 3136 patentiore

230 3176 325 3238 addito,
342 3173 538 3226 similitudinem
548 3173 675 3236 quandam
693 3187 831 3238 campane,
849 3187 926 3237 quam
945 3176 1019 3226 hodie
1037 3176 1158 3238 dicimus,
1175 3175 1262 3224 retent.

230 3279 314 3325 dures
336 3275 362 3324 iu
382 3275 512 3337 superiore
529 3281 600 3337 parte
617 3275 692 3338 paulo
710 3275 775 3325 inira
803 3275 902 3326 labrum
925 3277 1047 3339 appositae
1064 3281 1132 3326 sunt
1167 3275 1265 3326 Erem-

231 3377 272 3438 pla
295 3389 318 3429 v.
336 3375 444 3426 Panoili.
461 3375 539 3426 Rern.
557 3377 580 3443 l,
597 3374 644 3439 38;
671 3374 747 3426 Genii.
765 3377 816 3425 uu.
834 3375 866 3426 ii.
884 3390 910 3428 ιι.
924 3377 963 3444 19,
991 3379 1035 3440 qul
1054 3377 1117 3428 laiso
1135 3376 1266 3439 dignaque

231 3477 402 3541 appellarunt,
429 3476 556 3538 ambiguis
580 3475 733 3539 quibusdam
760 3475 857 3528 inducti
882 3477 1021 3528 litterarum
1046 3478 1128 3540 signis
1151 3477 1177 3528 lu
1200 3479 1267 3541 pede

231 3577 289 3628 talis
306 3583 416 3630 craterae
433 3577 530 3627 irensis.

316 3677 346 3742 2)
363 3676 417 3728 Aut
433 3691 477 3729 vas
495 3689 625 3740 nunquam
644 3660 752 3728 eundem
771 3680 895 3729 ambitum
913 3691 1031 3745 servans,
1056 3692 1158 3743 semper
1184 3680 1268 3741 magis

232 3777 364 3840 magisque
381 3791 410 3828 se
428 3780 556 3845 pandens,
583 3780 656 3840 quasi
680 3792 709 3829 ex
733 3781 816 3840 calyce
834 3779 945 3842 quodam
963 3781 1057 3844 surgit,
1083 3793 1097 3830 a
1122 3780 1170 3829 lilii
1196 3780 1269 3829 doris

232 3877 401 3927 similitudine
418 3891 469 3929 non
491 3880 638 3930 abhorrens.
682 3877 772 3930 “vaso
797 3892 812 3929 a
839 3879 935 3932 ealieu''
957 3881 1015 3932 itali
1042 3881 1138 3932 dieunt.
1181 3881 1269 3932 Aures

231 3977 307 4026 habet
331 3976 458 4027 interdum
485 3980 548 4028 satis
572 3993 677 4040 magnas
701 3980 813 4032 interiori
838 3981 902 4043 parti
920 3982 1057 4044 appositas.
1103 3981 1226 4044 Exempla
1245 3994 1270 4032 v.

232 4077 293 4126 Pan.
312 4078 390 4154 ileon,
410 4076 432 4142 l,
451 4091 475 4127 ιι.
497 4077 527 4126 17
534 4096 543 4141 3
562 4079 639 4128 Geth.
658 4081 707 4129 Ult.
726 4081 757 4131 ii.
777 4095 802 4134 n.
824 4081 863 4129 lit.
