2876 4580
658 211 699 278 81

162 420 302 500 quoniam
324 417 381 478 troc
403 434 455 479 ras
477 433 535 478 non
557 433 675 494 semper
690 415 728 475 ad
746 417 857 498 vinum,
879 418 932 478 sed
955 419 1044 479 etiarn
1066 419 1101 480 ad
1125 418 1198 480 atius

166 555 215 598 res
236 537 409 616 portandas,
443 538 476 597 ut
496 553 595 614 poma,
626 539 659 594 ut
681 533 800 594 bellaria
823 535 987 596 adhibitum
1009 537 1137 613 videtur,
1170 553 1198 596 v.

164 655 292 717 Passeri.
315 654 528 716 MonEtrusc.
548 658 602 728 ΙΙΙ,
624 647 704 730 2063
728 650 977 733 Gennanates,
1000 649 1051 716 10.
1097 651 1199 730 Quare

163 777 285 853 prostat
307 773 444 849 tortasse,
477 771 608 834 calathos
630 770 790 849 appellare.
843 770 926 863 luter
947 771 1048 832 fictilia
1072 789 1108 830 ne
1129 772 1198 850 quis

162 896 315 970 psycterae
336 895 465 971 qureret,
499 898 533 951 ut
554 888 624 951 iecit
646 887 718 950 Pan.
740 887 792 967 iV,
816 885 867 968 16,
899 891 984 969 prius
1006 889 1198 968 querendum

161 1021 215 1090 est,
239 1028 310 1070 num
330 1026 460 1086 unquam
478 1007 586 1069 fictites
604 1006 725 1068 tuerint.
1159 985 1176 1016 ⁸

240 1127 330 1189 Extat
351 1129 380 1188 in
404 1142 506 1186 museo
529 1125 620 1202 Regis
645 1127 737 1186 nostri
757 1127 961 1203 augustissimi
983 1145 1034 1188 vas
1056 1128 1196 1207 pulcher·

156 1247 265 1306 rimum
276 1244 377 1305 Volcis
389 1246 553 1323 inventum,
577 1243 656 1322 quod
679 1244 748 1321 quia
771 1243 912 1322 singulari
936 1262 1058 1322 prorsus
1081 1249 1196 1308 ratione

157 1367 359 1442 comparatum
382 1366 448 1441 est,
482 1364 512 1423 in
543 1361 640 1422 tabula
661 1361 732 1422 hnic
754 1361 829 1421 tibro
851 1379 965 1422 annexa
988 1363 1196 1428 detineandum

156 1483 336 1543 curavimus.
379 1477 454 1540 Nam
466 1481 651 1540 extrinsecus
664 1461 791 1541 intuenti
804 1479 954 1558 amphorae
972 1483 1101 1558 speciem
1119 1488 1208 1560 prre-'

156 1599 218 1672 bet,
241 1601 404 1660 intusvero
427 1600 456 1658 in
480 1600 540 1660 duo
562 1616 631 1660 rasa
653 1599 781 1658 divisum
805 1603 863 1674 est,
885 1597 1011 1658 aiterum
1035 1601 1194 1680 internum,

156 1721 313 1778 externum
345 1715 472 1780 aiterum
505 1716 577 1777 iiiud
611 1717 740 1776 medium
776 1716 985 1795 complectens.
1037 1716 1135 1778 Huius
1165 1720 1194 1778 in

157 1835 311 1913 superiore
333 1838 418 1913 parte
439 1851 473 1895 os
495 1839 559 1912 est,
581 1853 636 1912 per
658 1835 736 1913 qnod
759 1833 932 1895 infundatur
952 1834 1060 1912 liquor,
1083 1837 1113 1895 in
1136 1837 1196 1896 imo

157 1957 257 2014 auum
279 1950 370 2012 tundo
392 1951 524 2012 toramen
547 1955 592 2014 est
619 1951 790 2030 parvulum,
823 1951 874 2011 ubi
903 1953 1023 2030 pienum
1045 1971 1097 2014 vus
1119 1959 1195 2032 erat,

137 2052 363 2132 obturameuto
384 2070 537 2145 clausum,
571 2070 627 2130 hoc
650 2087 719 2130 vero
745 2074 895 2149 extracto,
928 2069 1063 2130 effluenti
1086 2071 1195 2149 liquori

157 2189 235 2250 viam
257 2188 402 2266 apericus.
445 2187 545 2248 Limes
557 2204 664 2264 corpus
676 2188 754 2247 vasis
772 2188 859 2265 panio
881 2186 955 2248 inira
978 2188 1109 2248 medium
1131 2190 1194 2275 ciu-

158 2323 231 2383 gens
254 2306 363 2366 indicio
386 2310 448 2383 est,
482 2306 589 2384 tripodi
614 2306 785 2385 impositum
813 2304 916 2366 tuisse.
970 2305 1196 2385 Brdndstediu5‚

158 2441 247 2501 quem
277 2425 413 2502 sequitur
442 2421 622 2484 Letronnius
651 2423 681 2481 in
710 2422 836 2501 Ephem.
866 2422 918 2484 Er.
943 2417 1041 2502 1833,
1070 2442 1098 2501 p.
1119 2417 1194 2501 613,

158 2546 221 2606 not.
233 2536 263 2619 1,
285 2541 342 2602 hoe
355 2558 407 2601 vas
424 2540 569 2625 ψυκτῆρα
587 2539 678 2601 tuisse
700 2541 832 2620 putabat,
867 2543 1024 2618 niuemque
1047 2541 1074 2600 in
1098 2540 1195 2602 medio

157 2677 228 2720 vase
251 2657 393 2744 inciusem
415 2660 554 2719 exteriori
567 2660 636 2718 vino
658 2659 829 2736 aliquid'ex
850 2658 960 2736 frigore
982 2675 1036 2719 suo
1060 2661 1194 2737 imperti·

157 2779 246 2838 visse.
290 2775 347 2837 Sed
370 2782 569 2855 praeterquam
585 2775 665 2855 quod
688 2776 768 2837 nulia
790 2795 921 2856 unquam
943 2777 1049 2837 similis
1071 2776 1196 2854 refrige-

158 2895 241 2956 randi
272 2896 348 2955 ratio
377 2893 627 2972 enudantiquos
660 2897 824 2973 indicatur,
861 2913 914 2955 neo
943 2911 1013 2954 sano
1042 2898 1110 2971 apta
1139 2893 1195 2956 tuit

158 3011 303 3072 eiusmodi
327 3014 402 3072 ratio
424 3012 517 3073 mutto
545 3015 643 3074 minus
673 3011 777 3072 efficax
800 3030 887 3092 quam
917 3029 975 3089 ee,
1009 3030 1085 3089 quas
1108 3013 1194 3090 vuigo

157 3130 188 3188 in
212 3147 268 3190 usu
289 3128 383 3222 inisse
405 3131 543 3208 vidimus,
575 3137 608 3192 ut
631 3133 679 3191 nix
700 3135 753 3191 aut
774 3134 842 3193 vino
864 3131 1107 3206 circumdaretur,
1142 3135 1194 3190 aut

157 3248 188 3306 in
212 3247 308 3325 ipsunt
332 3249 430 3308 vinum
453 3248 671 3325 demitteretur,
695 3265 750 3308 nec
772 3250 892 3310 omuino
914 3247 1045 3309 toramen
1070 3248 1140 3308 iitud
1164 3249 1193 3308 in

158 3363 249 3426 tundo
277 3366 354 3424 vasis
387 3365 527 3437 idoneum
560 3369 623 3446 est,
656 3366 741 3426 cuius
774 3364 934 3425 identidem
963 3365 1137 3426 extrahatur
1163 3370 1194 3424 et

158 3486 320 3559 reponatur
341 3483 597 3564 obturamentnm3
626 3484 651 3544 si
674 3483 750 3544 hanc
772 3483 808 3542 ad
831 3501 895 3541 rem
918 3482 1098 3543 destinatum
1120 3481 1193 3542 tuis-

157 3604 222 3675 set,
245 3587 377 3660 necesse
391 3606 455 3661 erat
478 3620 536 3660 non
550 3604 589 3661 in
612 3603 677 3680 ipso
698 3599 788 3661 tundo
811 3603 891 3659 esset
912 3598 1059 3676 toramen,
1088 3599 1140 3658 sed
1164 3601 1194 3658 in

158 3715 299 3776 interiore
320 3722 404 3796 parte
426 3719 545 3798 lateris,
580 3725 614 3778 nt
643 3721 672 3779 in
700 3717 880 3796 Pompeiano
903 3715 953 3776 iilo
985 3715 1200 3799 dannomine·

158 3850 248 3910 quem
262 3832 338 3894 inira
351 3838 665 3916 commenrorabimus3
688 3855 723 3896 ex
745 3836 801 3895 hoc
823 3838 922 3894 autem
935 3838 1026 3913 natet
1047 3834 1193 3912 liquorem

158 3950 416 4031 emissumtuisse,
439 3955 525 4015 cuius
547 3955 646 4015 nutius
668 3957 747 4014 osset
768 3970 850 4014 usus,
866 3985 907 3998 -
928 3952 1007 4013 Fieri
1030 3958 1137 4033 potest,
1160 3958 1194 4012 ut

157 4069 195 4128 ad
218 4070 319 4130 vinum
341 4069 572 4148 refrigerandum
594 4067 650 4132 hoc
672 4089 742 4132 vase
764 4073 804 4131 ita
826 4073 887 4132 sint
908 4071 965 4151 usi,
999 4074 1145 4133 utrinam
1163 4071 1193 4129 in

975 4187 993 4233 o
