2876 4580
723 218 767 286 28

231 423 445 500 condebantur,
467 427 521 485 aut
541 423 577 486 nd
599 423 657 485 alia
678 425 742 486 lona
758 423 963 504 portabantur,
987 427 1050 486 sive
1070 443 1143 488 usus
1163 443 1267 505 causa,

230 545 293 605 sive
315 547 507 605 mereat-uras:
529 543 619 620 dolia,
641 543 717 621 cadi,
739 543 900 623 amphorae,
922 561 1016 622 urna,
1038 543 1160 621 lagenae.
1184 547 1267 618 (Πί-

229 663 307 736 θος,
337 660 506 743 'araldum
534 659 687 744 στάμνος,
715 663 817 743 βῖκος,
845 659 935 746 ύρχρ,
962 659 1114 742 λάγυνος,
1142 664 1266 745 aurien,

229 774 344 854 αόκύς,
367 773 544 863 α’μφορεύς,
566 778 676 854 κάδος,
696 772 803 861 ύδρλα,
826 779 952 854 κάλπις,
975 778 1138 862 κρωσσύς).

314 891 390 972 92.
413 895 540 976 Minora,
564 916 630 978 quae
652 899 688 960 ad
711 915 782 959 suos
805 900 933 977 quisque
955 915 1028 958 usus
1049 915 1151 960 securo
1174 897 1267 958 habe·

227 1015 311 1094 bant,
333 1015 380 1076 vel
405 1015 466 1094 [A]
489 1016 562 1095 vini,
584 1016 629 1077 vel
652 1015 712 1095 (B)
735 1017 793 1077 olei
816 1017 948 1079 vaseula:
981 1015 1094 1095 rhytio,
1118 1017 1266 1096 ampullae,
1346 1015 1351 1022 “

229 1133 379 1196 alabastri.
404 1134 458 1212 (A.
479 1135 621 1210 Κύθων,
644 1133 752 1220 ῥυτόν,
774 1135 875 1218 βήσα,
896 1133 1078 1218 βομβυλιός,
1100 1135 1266 1220 Β.’Λήκο-

233 1254 307 1328 θος,
329 1250 423 1335 ὄλπη,
446 1248 677 1336 οἷλοῖβαστρος.)
971 1259 975 1279 “

660 1434 764 1539 Caput
786 1435 825 1518 2.

287 1592 370 1660 Vasa
391 1590 425 1659 in
446 1593 560 1682 quibus
583 1607 797 1684 temperantur
821 1606 848 1661 οι
869 1606 1046 1684 coquuntur
1067 1593 1215 1684 liquores.

320 1719 395 1798 91.
440 1722 518 1784 Vasa
550 1725 580 1782 in
613 1726 721 1803 quibus
752 1728 935 1804 temperatur
968 1726 1086 1786 vinum:
1129 1729 1265 1788 crater-s.

230 1841 384 1923 (Κοατύο
407 1840 538 1925 ψυκτήρ
561 1840 675 1918 ‹ivos-l

314 1953 389 2034 92.
432 1958 511 2019 Vasa
533 1961 562 2020 in
585 1959 693 2038 quibus
715 1958 854 2020 calefiunt
874 1965 906 2020 ei
926 1965 1095 2040 coquuntur
1115 1959 1265 2040 liquores:

160 2049 166 2056 Ι
229 2076 353 2157 lebetes,
375 2077 451 2138 ollae.
474 2079 605 2161 (Λέβης,
621 2077 730 2160 χύτρα,
744 2077 960 2161 θερμαντήρ.)

313 2197 336 2270 9
357 2190 387 2258 3.
431 2195 503 2257 Haee
530 2213 638 2274 genera
666 2198 806 2274 quoniam
833 2191 913 2275 saepe
934 2214 993 2256 non
1015 2213 1070 2256 suo
1092 2197 1168 2275 pede
1190 2197 1267 2257 insi·

227 2317 321 2392 stunt,
355 2315 612 2376 commemoranda
634 2320 704 2376 sunt
726 2316 816 2376 eiiam
837 2333 889 2396 ea,
923 2315 1030 2393 quibus
1054 2317 1260 2393 imponunturz

229 2432 371 2511 tripodes,
394 2433 504 2493 lasaua.
528 2429 812 2520 (Υποκρατήριον,
835 2431 1019 2509 ἓπίοτατον,
1042 2437 1185 2516 τρίπους,
1205 2453 1264 2514 χυ-

141 2581 143 2586 ,
228 2546 372 2629 τρόπους,
394 2546 566 2624 λύσανον.)

632 2839 639 2854 .
665 2715 769 2821 Capul
791 2716 826 2798 3.

328 2871 410 2942 Vasa
432 2873 545 2962 quibus
566 2873 746 2966 funduntur
767 2888 795 2943 οι
815 2873 1001 2942 dividuntur
1023 2875 1170 2964 liquores.

316 2998 391 3078 91.
441 3004 574 3083 Maiora,
618 3023 685 3084 quae
717 3005 852 3084 pluribus
885 3004 1049 3067 fusionibus
1081 3008 1262 3084 suppelunt:

228 3122 321 3198 urcei,
344 3124 432 3204 gutli,
455 3124 621 3213 epirhyses.
644 3124 755 3198 (Χούς,
777 3123 913 3208 οἰνοχόη,
935 3127 1079 3208 πρόχοος,
1097 3120 1263 3204 ἐπίχυσις.)

312 3234 387 3314 92.
430 3239 562 3322 Minora,
597 3241 704 3320 quibus
731 3243 841 3321 saepius
868 3245 898 3302 in
928 3244 1004 3303 idem
1030 3261 1081 3304 vas
1109 3242 1263 3304 funditur:

104 3429 108 3434 ¹
226 3362 315 3438 iruae,
349 3358 462 3439 truuae,
489 3355 638 3438 simonia,
673 3361 782 3439 cyathi.
827 3355 1038 3443 (Ἀρύταονα,
1072 3354 1264 3443 α’ρύβαλλος,

227 3471 400 3560 ύρύοτοχος,
423 3474 550 3560 ἔφηβος,
573 3473 806 3558 ἐμβασικοίτας,
829 3476 958 3561 κοτύλη,
980 3477 1133 3554 κύαθος.)

662 3642 767 3747 Capul
789 3643 825 3725 4.

233 3797 319 3866 Vasa·
338 3819 407 3886 quw
427 3797 582 3888 reclyn‘uat
603 3813 633 3867 et
653 3801 803 3871 sustinent
831 3800 966 3888 liquores
994 3814 1052 3868 aut
1074 3799 1196 3869 cibaria
1218 3799 1264 3868 orl

501 3932 624 4022 ·lpsum
648 3931 759 4000 utendi
779 3945 906 4023 tempus.

310 4056 382 4138 91.
427 4063 521 4139 Aquae
543 4077 629 4124 vasa:
665 4062 763 4142 labra,
786 4063 875 4144 alvei,
904 4064 1012 4143 pelves.
1058 4061 1262 4148 (Λοοτύριοτ,
