2876 4580
756 213 780 278 2

660 300 879 309 --m—

253 437 319 481 rum
341 418 511 480 Grteeorum
534 423 564 479 et
585 417 772 496 Latinorum,
794 435 872 496 quea,
894 437 986 496 quum
1009 413 1165 480 commune
1188 423 1290 481 incen-

253 539 335 600 dium
363 540 462 597 cetera
490 535 620 611 deleret,
652 535 718 596 auri
746 525 840 598 instit
867 536 981 598 absumi
1005 556 1062 600 non
1085 539 1192 617 poluit.
1246 540 1291 600 Aa

253 656 360 717 litterae
383 654 502 732 quidem
525 653 665 730 antiques,
689 671 777 714 nemo
799 654 932 728 dubitat,
966 657 1037 733 quin
1059 658 1230 736 precipuus
1251 658 1291 717 sit

251 774 341 835 huius
363 772 541 849 cognitionis
562 770 645 851 ions3
667 771 718 831 sed
742 772 833 832 etism
850 773 941 834 alium
955 775 1066 834 emittit
1081 779 1170 852 terra,
1188 792 1290 836 rerum

252 892 385 952 omnium
407 906 526 966 parens.
579 887 701 948 Etenim
723 889 875 952 calamitas
898 891 965 972 illa,
998 909 1065 970 que
1086 892 1290 956 Herculsuum

253 1013 284 1070 et
305 1005 463 1086 Pompeios
485 1007 617 1084 antiquis
638 1007 760 1087 eripuit,
783 1008 869 1070 nobis
891 1011 1030 1089 servavit,
1054 1015 1088 1070 ut
1107 1016 1175 1088 post
1196 1010 1290 1072 mults

252 1131 386 1206 tempora
408 1129 521 1186 certum
543 1128 574 1184 et
595 1123 779 1186 luculentum
801 1130 916 1188 extaret
932 1129 1145 1188 testinnonium.
1179 1125 1291 1190 Obruit
1311 1194 1315 1202 Ι

220 1265 225 1272 ·
252 1245 356 1306 eadem
383 1248 462 1304 terra
488 1240 656 1320 fragmenta
684 1261 763 1320 soepe
790 1245 918 1323 egregia
946 1246 1020 1306 artis
1047 1262 1189 1322 operum,
1224 1263 1292 1323 quae

252 1360 389 1422 mutilate
411 1364 442 1420 et
463 1365 600 1422 trunceta
622 1366 792 1440 acceperat,
834 1363 870 1424 ab
896 1363 1039 1422 ulteriore
1061 1362 1170 1441 injuria
1192 1363 1291 1424 viudi-

252 1497 334 1540 oans.
387 1479 577 1558 Aperucrunt
612 1480 711 1557 impiae
737 1497 843 1540 manus
872 1481 962 1542 etiam
990 1481 1127 1558 sepulcra
1156 1485 1290 1544 mortuo·

253 1615 337 1675 rum,
369 1601 413 1675 ut,
442 1614 516 1674 quas
545 1597 671 1656 mortuis
691 1597 814 1658 inutiles
835 1615 906 1676 opes
927 1599 1163 1660 consecravisset
1184 1599 1291 1676 religio

252 1719 405 1790 veterum,
437 1717 512 1776 rivis
533 1716 675 1775 existeret
695 1712 778 1774 ferax
799 1699 975 1793 cognitionis
996 1733 1108 1780 semen.
1151 1715 1294 1778 Protule-

252 1836 324 1893 runt
352 1837 452 1906 sutem
481 1849 518 1892 ex
547 1830 694 1909 sepulcris
722 1836 830 1912 preter
853 1834 1051 1913 sarcophagos
1075 1836 1156 1913 ipsos
1177 1835 1291 1896 variam

252 1949 478 2030 supellectilem,
500 1951 644 2027 imprimis
666 1951 816 2028 ingentem
837 1953 895 2012 vim
917 1950 1055 2014 fictilium
1076 1969 1225 2014 vesorum.

338 2067 417 2129 Vilia
445 2069 621 2146 plerumque
650 2072 681 2128 et
707 2069 790 2146 parvi
818 2071 906 2147 pretii
928 2068 1049 2132 luerunt
1074 2070 1138 2132 lraec
1161 2069 1291 2148 vascula,

254 2191 287 2247 ut
309 2202 411 2248 verum
432 2185 589 2263 fateamur,
613 2186 697 2246 nobis
720 2190 818 2248 tamea
840 2188 963 2250 minime
985 2188 1169 2266 negligenda.
1215 2187 1291 2250 Num

253 2310 284 2364 et
311 2308 459 2366 vetustate
486 2303 548 2365 iere
575 2304 685 2384 omnis,
713 2321 779 2380 quse
806 2305 843 2364 ud
867 2322 922 2364 nos
944 2310 1151 2383 pervenerunt,
1185 2325 1290 2366 monu-

254 2427 353 2484 ments
373 2426 534 2501 superant,
566 2425 597 2482 et
623 2425 799 2498 argumenta
825 2423 856 2482 in
882 2423 921 2482 iis
942 2423 1020 2499 picta
1042 2424 1088 2483 vel
1110 2424 1146 2486 ad
1169 2424 1292 2501 religio·

205 2564 207 2570 .
255 2555 322 2620 uem
344 2543 375 2600 et
395 2538 520 2618 fabulas,
542 2538 588 2598 rel
611 2539 647 2598 ad
670 2540 815 2616 privatam
836 2541 927 2601 vitam
950 2544 981 2601 et
1002 2511 1120 2602 ornnem
1142 2542 1211 2602 vitto
1224 2541 1291 2602 cul·

254 2661 318 2718 tum
350 2657 586 2734 cognoscendum
621 2673 678 2716 non
711 2673 783 2717 saue
816 2658 936 2736 paulum
968 2657 1136 2720 conferunt.
1193 2657 1291 2746 Porro

253 2777 387 2853 quamvis
408 2774 446 2836 ab
467 2773 623 2852 opificibus
645 2775 745 2851 potius
767 2792 855 2852 quem
877 2775 1041 2837 artificibus
1062 2774 1196 2854 proiecta
1217 2777 1291 2848 sint,

254 2910 309 2953 uec
330 2893 424 2970 magis
446 2891 503 2952 sibi
524 2892 641 2970 possint
664 2891 856 2954 artificiorum
879 2870 986 2954 nomen
1010 2909 1165 2972 arrogare,
1200 2910 1291 2970 quum

254 3028 289 3071 en
302 3011 431 3088 vascula,
453 3009 562 3086 quibus
577 3027 631 3070 nos
652 3011 786 3087 quotidie
808 3012 929 3091 utimur,
952 3017 1051 3072 tamen
1073 3028 1108 3072 ea
1130 3013 1176 3070 est
1197 3027 1291 3087 quum

253 3129 386 3206 ipsorum
407 3144 546 3188 vasorum
568 3126 731 3204 elegantis,
768 3133 830 3189 tum
859 3147 937 3209 saepe
959 3130 1106 3208 pictorum
1127 3127 1292 3205 figurarum
1313 3193 1318 3202 ,

254 3245 459 3324 pulchritudo,
491 3253 525 3308 ut
560 3248 610 3308 hic
642 3223 763 3327 quoque
796 3264 853 3307 non
883 3249 1033 3325 possimus
1061 3265 1120 3308 non
1150 3248 1290 3308 admirari

252 3361 423 3426 Graecorum
444 3364 598 3426 hominum
620 3365 781 3442 ingenium.
815 3362 973 3426 Fastidiosi
988 3363 1119 3442 prolecto
1134 3366 1241 3439 simus,
1263 3366 1292 3426 si

254 3486 313 3542 tam
335 3482 449 3560 largum
471 3484 603 3544 scientim
624 3482 735 3544 iontem
758 3485 870 3542 temere
881 3481 1084 3560 repudiemus.
1116 3481 1292 3560 Namqvot-

253 3601 339 3660 annis
353 3618 428 3662 nova
442 3600 577 3680 sepulcra
600 3601 806 3680 reperiuntur,
840 3617 914 3659 nova
936 3599 1021 3677 copia
1044 3617 1182 3660 nasorum
1205 3601 1293 3660 iuve-

252 3719 333 3778 nitur
355 3724 386 3778 et
407 3737 460 3798 per
481 3735 584 3780 omnes
606 3722 700 3780 terras
723 3718 914 3794 dispergitur.
957 3715 1292 3799 Etrurin,'Cnmpanin,

252 3835 377 3915 Apulia,
400 3839 462 3897 tola
483 3835 546 3896 lere
568 3833 669 3914 ltalin,
698 3837 789 3896 etiarn
811 3832 913 3895 Sicilia
935 3839 966 3896 et
982 3832 1101 3905 ,Graeeia
1123 3836 1188 3913 ipsa
1211 3853 1293 3894 uun-

252 3971 341 4031 quam
362 3951 514 4013 exhauriri
535 3970 625 4030 posse
637 3953 784 4015 videntur.
814 3950 875 4012 Neo
889 3969 961 4015 sane
974 3953 1169 4030 neglexerunt
1185 3970 1221 4013 ea
1232 3953 1293 4014 viri

251 4071 346 4148 docti3
369 4075 452 4131 lanto
475 4071 553 4130 enim
576 4071 675 4132 studio
697 4071 726 4130 in
749 4069 813 4133 haec
835 4069 952 4130 vascula
975 4069 1188 4132 consideranda
1205 4071 1295 4132 incu-
1416 4125 1418 4146 ,
