2876 4580
755 247 799 312 36

644 447 675 512 6.
719 451 903 534 Λᾶγυνος

259 607 443 688 sldypvug,
464 605 581 666 Latinis
604 606 704 685 Ionem
725 606 788 668 sive
809 606 925 688 teporo,
947 607 974 666 si
995 605 1084 686 paulo
1101 608 1200 667 minor
1215 607 1299 686 prio-

259 727 351 803 ribus,
385 729 417 786 at
438 724 571 784 eleatem
592 724 648 785 luit
671 741 754 786 usus.
799 723 868 786 Vid.
890 725 1038 803 imprimis
1054 724 1219 787 Athenaeus
1240 724 1298 807 xl,

258 839 333 922 499.
354 843 384 922 b,
406 859 472 920 sqq.
504 841 548 904 lbi
570 841 709 922 legimus,
732 843 809 921 apnd
830 841 989 902 Patrenses
1010 860 1181 904 mensuram
1203 841 1299 903 luisse

258 961 412 1024 duodecim
448 957 644 1022 heminarum.
698 959 884 1022 Nicostratus
916 960 1050 1038 lagenam
1083 964 1299 1020 commemorat

258 1081 347 1160 triplo
369 1080 527 1140 malorem:
549 1080 587 1142 Α.
613 1079 687 1143 Τῶν
707 1080 1024 1160 κατεσταμνισμένων
1046 1079 1082 1150 (i.
1095 1096 1123 1138 e.
1146 1077 1215 1137 vino
1239 1077 1298 1136 im·

258 1199 420 1278 pletarum)
443 1192 518 1281 ἦμϊν
539 1195 687 1278 λαγύνων
706 1195 835 1280 πηλίκοι
857 1197 956 1275 arrd&
988 1195 1023 1257 lt.
1048 1197 1188 1279 Tpixoug.
1233 1195 1297 1256 Vo-

258 1317 394 1378 cabulum
418 1334 475 1375 non
497 1315 581 1408 valde
602 1315 773 1396 antiquum,
802 1331 858 1373 neo
880 1331 934 1373 nos
956 1316 1025 1374 ante
1046 1312 1151 1373 mediae
1174 1329 1297 1373 comoe-

255 1435 314 1496 dias
335 1439 453 1496 aetatem
475 1433 657 1511 invenimus,
690 1435 794 1512 postea
816 1430 1012 1508 vulgatissimi
1034 1447 1107 1491 usus
1129 1433 1193 1512 est,
1228 1449 1296 1491 mu-

257 1557 318 1614 tato
350 1553 440 1613 etiam
472 1566 572 1629 more3
617 1551 702 1610 ouius
730 1549 904 1610 mutationis
936 1548 1054 1609 initium
1086 1547 1213 1626 legimus
1245 1565 1295 1625 ap.

256 1670 326 1732 Ath.
348 1669 368 1729 l.
390 1670 423 1746 1.,
447 1668 496 1729 ubi
518 1667 657 1746 Lynceus
675 1666 793 1728 Samius
816 1683 924 1727 novum
946 1683 1059 1728 morem
1081 1669 1297 1727 commemomt

257 1803 330 1848 ase
352 1804 419 1848 osso
442 1790 635 1864 usurpatum,
671 1788 706 1844 ut
731 1801 786 1845 sus
815 1784 924 1862 cuique
952 1786 1084 1846 convive
1111 1783 1216 1862 lagena
1237 1801 1293 1862 ap-

255 1908 426 1982 poneretur.

341 2022 386 2082 De
408 2022 530 2081 materia
554 2039 610 2080 non
633 2020 813 2099 dubitamus,
832 2021 904 2097 quin
917 2023 1046 2080 testacea
1062 2017 1163 2092 luerit,
1185 2035 1293 2097 quam·

255 2155 344 2217 quam
371 2139 456 2199 deest
484 2139 513 2198 iu
543 2139 765 2198 enumeratione
792 2136 927 2198 fictilium
949 2137 1027 2216 apud
1049 2134 1201 2197 Pollucem
1225 2135 1291 2216 Vll,

256 2251 328 2320 lo‘z.
371 2255 481 2334 ltaque,
507 2256 729 2334 intelligendum
757 2239 875 2317 ridetur
900 2255 980 2332 quod
1001 2255 1111 2332 legitur
1131 2255 1210 2334 apnd
1234 2253 1291 2315 Pe·

255 2378 384 2438 tronium
407 2391 432 2437 c.
454 2367 515 2434 22:
546 2371 671 2434 “servos
698 2373 736 2434 de
763 2371 867 2450 lagena
896 2373 1029 2433 rixantes
1056 2373 1207 2434 diductam
1230 2371 1293 2433 ire-

254 2495 368 2571 gisem,
390 2495 442 2552 aut
462 2491 559 2569 ansis,
589 2495 642 2551 aut
663 2489 739 2551 nollo
760 2495 792 2551 et
812 2507 937 2568 corporo
957 2490 1101 2569 utrinque
1121 2491 1290 2570 prehensis.

252 2609 364 2670 Tamen
386 2608 476 2668 etiam
505 2626 595 2668 nexas
617 2627 654 2668 ex
674 2607 734 2668 lilis
755 2607 894 2668 arborum
915 2613 1128 2669 commemorat
1150 2607 1228 2672 Plin.
1249 2607 1289 2671 Η.

253 2725 288 2786 Ν.
311 2723 395 2803 XVl,
418 2722 449 2786 S.
471 2719 526 2805 56,
550 2727 572 2800 ς
596 2718 667 2785 ΠΒ.

336 2841 381 2902 lle
397 2839 498 2936 'forma
521 2841 594 2903 nihil
617 2842 762 2922 novimus,
786 2843 842 2902 nisi
866 2841 973 2902 collum
997 2842 1139 2905 babuisse
1153 2842 1289 2919 (v.Plin.

253 2953 479 3040 xxv111,48,
504 2954 581 3041 1743
615 2959 699 3024 Suid.
722 2978 748 3022 s.
773 2967 824 3032 u).
876 2957 1018 3032 Panollae
1044 2961 1101 3023 bon
1122 2963 1196 3022 satis
1218 2961 1288 3039 tuit,

251 3095 306 3139 eur
336 3093 457 3155 parvam
490 3079 635 3156 quandam
675 3077 833 3155 ampullam
871 3076 929 3138 boo
966 3079 1085 3139 nomine
1118 3079 1291 3158 designaret

253 3193 291 3273 V,
313 3189 384 3257 100.

652 3358 682 3422 7.
725 3365 873 3445 Πυτίνῃ

249 3515 351 3606 lagena
372 3517 420 3575 est
440 3531 477 3574 ex
499 3513 658 3576 viminibus
688 3514 790 3595 plexa3
832 3514 962 3597 nurum
982 3520 1014 3577 et
1034 3514 1200 3582 θάλλων
1222 3513 1287 3596 ἆγ-

247 3641 336 3708 γεῐον
356 3633 571 3711 iuterpretatur
592 3630 692 3693 Sobel.
713 3633 750 3694 ad
771 3632 825 3694 Ar.
847 3632 903 3695 Ar.
925 3624 1000 3710 798,
1022 3633 1074 3694 ubi
1096 3634 1177 3694 ridet
1194 3640 1286 3712 poeta

248 3747 437 3827 ltiitrepbum
457 3750 604 3829 quendam
626 3750 730 3810 talium
751 3767 889 3812 vasorum
909 3749 1047 3829 opificem
1068 3750 1286 3824 (mmmm-

246 3871 329 3939 novJ,
351 3866 464 3945 diosus,
486 3884 556 3927 eum
577 3866 734 3928 sublimem
758 3871 895 3928 evectum
914 3885 993 3946 esse,
1025 3870 1163 3946 quumvis
1184 3869 1283 3932 nullas

245 3982 308 4044 alas
328 3981 452 4044 baberet
478 3987 588 4060 praeter
608 3991 761 4050 mmvoetbr
783 3980 901 4066 πτερὰ,
933 4003 1001 4062 qun
1026 3986 1189 4048 seboliasta
1211 4003 1283 4064 pro-

244 4101 289 4158 dit
319 4115 388 4158 esse
415 4098 479 4159 lora
507 4118 525 4158 e
551 4099 628 4158 eollo
657 4071 795 4179 utrinqne
823 4103 1031 4179 dependentia.
1086 4101 1215 4164 Putabat
1241 4102 1279 4163 ll.
